1511 2502
89 205 354 242 [1293-31
509 196 932 237 TRINVMMVS.
1275 197 1354 237 291

87 311 168 351 LV.
202 311 328 350 Sdror
343 310 446 350 illist
464 310 599 349 adalta
614 310 730 359 uirgo
748 307 934 358 grandis:
967 320 1054 347 eam
1071 311 1203 362 cupio,
1220 315 1354 362 pater,

86 376 248 416 Diicere
275 378 441 415 uxorem
465 377 553 414 sine
574 374 682 413 dote.
726 373 812 412 PH.
844 373 941 412 Sine
959 373 1055 412 dote
1072 374 1238 426 [autem]
1256 377 1353 413 uxo'-

687 452 774 478 rem
785 440 805 477 ’ἒ
846 439 930 479 LV.
961 440 1034 491 Ita,
1285 444 1353 479 375

89 507 174 547 Tira
188 521 234 547 re
251 508 381 547 salua:
410 509 489 546 hoc
503 510 622 559 pdcto
641 508 688 544 ab
705 506 775 544 illo
792 506 985 544 siimmam
1000 508 1121 545 inibis
1139 508 1322 557 gratiam,

89 573 228 625 Neque
245 572 491 612 commodius
509 572 592 611 (1110
611 576 730 624 pacto
749 573 787 610 ei
804 573 962 623 poteris
979 571 1224 611 auxiliarier.

84 638 168 676 PH.
197 627 337 688 Egone
353 637 578 676 indotataim
594 642 634 675 te
650 648 818 674 uxorem
828 641 873 674 ut
883 637 1015 688 psttiar
1027 637 1047 673 ‘3
1076 637 1160 677 LV.
1183 637 1351 676 Patiun-

691 701 838 751 di'imst,
853 706 993 752 pater:

82 756 136 804 Et
161 778 209 805 eo
228 770 347 818 pacto
365 764 573 804 addideris
589 770 754 804 nostrae
769 764 947 816 lepidam
963 766 1109 804 famam
1126 765 1318 804 familiae.

90 830 167 869 PII.
197 830 331 869 Malta
355 842 429 881 ego
454 843 617 882 possum
642 830 751 868 dicta
776 829 896 868 docte
914 835 955 868 et
972 831 1153 881 quamuis
1173 831 1350 869 facunde

689 895 823 945 loqui:
1280 902 1350 936 380

82 961 305 998 Historiam
332 963 517 998 ueterem
542 962 664 1011 Atque
691 961 895 1010 antiquam
919 959 1020 997 haec
1045 959 1134 998 mea
1157 967 1348 1001 senectus

686 1023 871 1061 s1'1stinet.

82 1089 233 1128 Ve‘rum
251 1101 325 1140 ego
345 1088 504 1140 quaudo
522 1093 562 1126 te
581 1089 622 1126 et
639 1087 854 1125 amicitiam
868 1091 909 1124 et
925 1088 1093 1137 gratiam
1109 1088 1151 1125 in
1168 1092 1345 1128 nostram

685 1153 846 1191 domum

87 1215 210 1259 Video
228 1217 422 1269 adlicere,
441 1220 519 1257 etsi
536 1218 774 1258 aduorsatus
791 1218 865 1256 tibi
881 1217 954 1269 fui,
972 1219 1072 1257 istac
1089 1220 1246 1259 i1'1dico:

82 1281 175 1321 Tibi
203 1284 459 1336 permittam,
495 1286 618 1336 posce
630 1312 641 1334 ‚
683 1282 796 1322 duce.
849 1282 934 1324 LV.
970 1283 1020 1321 Di
1050 1289 1092 1322 te
1121 1289 1346 1326 seruassint

683 1349 802 1386 mihi:

81 1411 152 1449 set
168 1411 218 1450 ad
233 1413 350 1450 istam
367 1412 470 1452 adde
487 1414 656 1464 gratiam
669 1426 803 1451 unum.
838 1414 923 1453 PH.
950 1414 1057 1465 QuId
1072 1415 1115 1454 id
1131 1420 1194 1455 est
1210 1421 1344 1456 autem

682 1480 834 1517 unum?
876 1480 961 1520 LV.
994 1471 1197 1533 Eloquar:
1275 1488 1343 1523 385

80 1541 187 1578 Trite
215 1539 265 1578 ad
289 1553 380 1579 eum
405 1542 546 1593 adeas,
576 1544 665 1582 trite
691 1543 910 1595 concilies7
943 1547 1032 1584 nite
1054 1559 1211 1604 poscas,
1256 1548 1342 1586 PH.

680 1598 849 1648 Issccere.

78 1669 159 1709 LV.
191 1669 323 1708 Nimio
347 1672 466 1711 citius
491 1674 714 1724 transiges:
744 1674 904 1713 firmum
930 1678 1049 1715 omne
1073 1678 1155 1716 erit
1171 1678 1278 1729 quod
1301 1684 1343 1717 tu

683 1740 829 1790 egeris.

79 1800 250 1839 Grauius
274 1806 386 1840 tuum
412 1803 493 1841 erit
512 1804 634 1842 linum
652 1806 821 1843 uerbum
838 1805 887 1844 ad
904 1806 993 1846 eam
1007 1820 1095 1847 rem
1112 1822 1231 1860 quam
1247 1823 1343 1848 cen-

680 1869 766 1906 t1'1m
783 1882 884 1910 mea.

77 1930 161 1968 PH.
196 1921 302 1970 Eece
318 1937 451 1972 autem
466 1934 508 1972 in
523 1935 776 1985 benignitate
793 1936 868 1974 hac
885 1937 1053 1989 repperi
1068 1940 1298 1990 negotium:

76 1995 247 2033 Dabitur
277 2008 411 2048 opera.
460 1998 544 2038 LV.
583 1998 763 2051 Lepidus
794 2001 911 2041 uiuis.
948 2003 1050 2041 haec
1080 2009 1174 2042 sunt
1203 2004 1341 2057 aedes,

679 2065 746 2102 hic
763 2065 905 2104 habet:
1274 2075 1342 2110 390

78 2123 345 2162 Lesbonicost
381 2126 541 2168 nomen.
588 2141 660 2179 age
691 2141 779 2167 rem
809 2131 926 2169 mira:
965 2143 1041 2183 ego
1075 2137 1116 2171 te
1148 2136 1340 2186 opperiar

680 2193 799 2233 domi.

128 2251 216 2290 PH.
257 2252 346 2290 Non
380 2253 540 2306 dptmna
572 2257 673 2296 haec
707 2264 800 2297 sunt
830 2260 965 2311 neque
995 2266 1040 2300 ut
1066 2274 1141 2313 ego
1168 2275 1334 2314 aequom

680 2324 847 2362 censeo:

990 2388 1067 2428 19*
