1511 2502
136 95 217 136 120

619 79 929 131 PLAVT'I
1185 101 1406 140 1122-4'?

248 208 460 257 Quomque
476 204 547 242 ssla
563 208 686 242 noctu
703 202 930 242 clanculum
943 203 993 242 ad
1003 217 1067 242 me
1079 207 1174 256 exit,
1190 210 1311 244 tacet.

248 273 331 312 PA.
363 270 569 322 Numquid
597 276 641 308 tu
669 269 778 321 quod
805 275 847 308 te
868 274 936 308 aut
959 273 1112 321 genere
1128 270 1337 322 indignum
1354 274 1408 310 sit

744 340 813 373 tuo

251 403 369 441 Facis
387 402 454 439 a1'1t
469 402 654 452 inceptas
670 400 826 438 facinus
842 400 994 450 facere,
1011 400 1266 440 Phaedrome
1278 403 1297 439 ‘3

250 468 354 506 Num
370 467 414 505 t1'1
429 465 601 518 pudicae
620 466 823 517 quoipiam
839 465 1005 504 insidias
1022 465 1134 505 locas
1365 473 1409 506 ⁶25

253 535 335 572 Aut
353 535 470 584 quzim
485 530 673 584 pudicam
690 532 854 583 opdrtet
871 530 992 570 esse?
1038 532 1123 571 PH.
1155 533 1329 583 Nemini,

252 598 338 637 Nec
353 610 417 636 me
434 595 504 635 ssle
521 598 638 635 sierit
654 597 849 649 Iuppiter.
893 596 975 635 PA.
1006 597 1092 647 Ego
1110 598 1208 636 item
1223 597 1338 636 uolo:

253 664 311 702 lta
330 661 440 700 tuum
458 662 645 700 conferto
663 665 796 699 amaire
813 674 989 713 semper,
1007 665 1041 700 si
1057 664 1178 715 sapis,

254 728 315 766 Ne
335 726 378 764 id
395 725 503 777 qudd
520 738 642 776 ames,
659 725 833 778 populus
851 728 884 763 si
900 727 1013 776 sciat,
1031 728 1105 765 tibi
1123 730 1174 766 sit
1189 730 1353 780 probro.

255 793 426 844 Semper
444 796 584 830 curato
601 793 654 829 ne
670 791 724 829 sis
739 789 998 830 intestabilis
1367 799 1413 832 30

254 858 340 897 PH.
375 856 480 906 Quid
503 857 609 895 istuc
634 861 697 894 est
721 856 869 894 uerbi?
911 855 993 895 PA.
1027 857 1156 895 Caute
1180 862 1225 896 ut
1247 857 1413 897 incedzis

746 924 832 960 uia:

258 989 374 1040 Quod
393 992 498 1027 amais
517 993 646 1026 amato
660 988 834 1027 te'stibus
850 990 1146 1040 praesentibus.

255 1055 340 1094 PH.
361 1055 466 1104 Quin
480 1053 575 1092 le'no
593 1055 659 1092 hic
674 1054 842 1093 habitat.
875 1054 956 1093 PA.
976 1055 1103 1093 Nemo
1115 1055 1210 1093 hinc
1222 1054 1416 1106 prohibet

749 1120 826 1158 ne'c
843 1124 957 1158 uotat

259 1187 365 1236 Quin
384 1185 491 1237 qudd
510 1184 682 1238 palamst
699 1183 860 1234 uenale,
879 1185 912 1221 si
930 1184 1194 1235 argentfimst,
1212 1196 1330 1221 emas,

258 1252 386 1292 Nemo
404 1254 464 1290 ire
484 1264 723 1303 quemquam
739 1248 903 1302 puplica
917 1250 1110 1302 prohibe't
1125 1250 1204 1299 uia,
1373 1255 1417 1287 35

258 1318 362 1357 Dum
378 1319 429 1356 ne
445 1330 521 1370 per
536 1317 705 1356 fundum
721 1317 904 1368 saeptum
920 1315 1043 1353 faciat
1059 1315 1260 1352 semitam:

260 1384 363 1422 Dum
378 1383 451 1421 ted
468 1384 672 1436 apstineas
688 1383 815 1434 nupta
832 1379 955 1418 uidua
970 1381 1130 1430 uirgine

260 1450 477 1488 quentute
496 1454 537 1488 et
551 1449 691 1502 pueris
706 1447 867 1497 liberis,
884 1460 970 1484 ama
987 1444 1095 1497 qudd
1113 1443 1241 1483 lubet.

259 1515 344 1554 PH.
363 1516 542 1553 Lendnis
554 1516 655 1553 haec
666 1518 759 1552 sunt
770 1513 903 1551 aedes,
936 1512 1019 1551 PA.
1037 1510 1148 1550 Male
1158 1511 1248 1548 istis
1261 1510 1418 1547 enen-dt.

260 1582 346 1620 PH.
386 1581 493 1630 Qui?
548 1581 630 1618 PA.
674 1580 776 1629 Quia
817 1578 1030 1616 scelestam
1066 1576 1305 1613 se'ruitutem
1335 1575 1422 1611 ser-

752 1645 880 1681 uiunt.
1376 1644 1421 1676 40

263 1713 349 1751 PH.
383 1710 631 1762 Obldquere.
690 1710 772 1749 PA.
811 1709 905 1746 Fiat
928 1710 1120 1745 maxume.
1175 1706 1260 1744 PH.
1290 1705 1423 1743 Etiam

748 1774 823 1824 [t1'1]
842 1777 954 1811 taces
965 1772 985 1809 ⁶?

265 1843 347 1882 PA.
367 1842 522 1893 Nempe
539 1840 703 1891 dbloqui
720 1852 783 1878 me
799 1840 990 1877 iusseras.
1022 1837 1108 1875 PH.
1125 1837 1180 1875 At
1194 1836 1301 1874 minc
1315 1840 1424 1874 uoto.

267 1907 371 1959 [Set]
390 1910 446 1945 ita
461 1911 506 1944 ut
526 1906 666 1957 occepi
683 1903 837 1955 dicere,
854 1905 932 1942 eist
950 1901 1140 1941 ancillula
1158 1933 1166 1941 .
1186 1932 1193 1940 .

265 1974 348 2013 PA.
383 1973 539 2024 Nempe
556 1973 649 2010 huic
664 1969 805 2009 lenoni
824 1972 891 2021 qui
908 1971 973 2008 hic
991 1968 1144 2007 habet?
1186 1966 1270 2005 PH.
1296 1966 1427 2004 Recte

753 2041 882 2074 tenes.
1381 2035 1426 2068 44

267 2106 349 2144 PA.
382 2105 520 2143 Minus
537 2101 764 2142 fdrmidabo
781 2115 832 2140 ne
851 2100 1023 2140 excidat.
1064 2099 1148 2138 PH.
1177 2097 1352 2136 Odidsus
1368 2108 1424 2134 es.

269 2171 367 2209 Eam
383 2167 472 2207 udlt
492 2168 753 2206 meretricem
770 2168 929 2206 facere:
963 2166 1034 2217 [at]
1055 2178 1102 2204 ea
1119 2176 1183 2203 me
1203 2162 1384 2214 deperit:

267 2236 354 2286 Ego
373 2235 507 2273 autem
525 2246 613 2271 cum
629 2230 700 2272 illa
716 2232 855 2270 sincere
872 2231 968 2269 nolo
985 2232 1176 2269 mutuom.
