1511 2502
1289 1 1294 4 ·
1355 0 1511 41 πεῖ-,ἢ

1333 31 1339 41 ”
1391 40 1511 66 ,σς-,ἐμ

1399 71 1401 73 ,

623 94 929 157 mmm
1201 85 1401 168 111-32

554 522 864 584 Acwvs
934 523 978 583 l.

424 662 670 705 hummvs.
726 666 1100 709 DEMAENETVS.

295 767 357 806 LI.
391 767 506 806 Sicut
521 771 633 806 tuum
649 767 710 806 uis
727 768 891 807 unicum
906 771 1070 819 gnatum
1085 775 1177 808 tuae

297 833 524 886 Superesse
540 835 648 874 uitae
666 835 862 887 sospitem
880 839 921 874 et
937 837 1215 888 superstitem,

296 899 353 937 lta
370 898 441 937 ted
457 904 643 951 optestor
658 902 735 952 per
751 902 1005 940 senectutem
1021 907 1128 940 tuam

295 964 458 1016 Perque
476 964 584 1003 illam
602 977 720 1016 quam
737 970 780 1003 tu
796 965 942 1004 metuis
959 966 1125 1004 uxorem
1142 970 1270 1005 tuam:

295 1030 438 1082 Siquid
453 1029 548 1069 med
565 1043 661 1081 erga
680 1030 754 1081 [tu]
773 1030 896 1069 hodie
913 1030 1058 1069 falsum
1075 1031 1240 1082 dixeris,
1352 1038 1397 1071 20

294 1095 349 1134 Vt
364 1096 436 1134 tibi
455 1100 666 1147 superstes
684 1096 783 1133 uxor
799 1097 975 1134 aetatem
992 1097 1071 1134 siet

293 1164 428 1214 Atque
445 1162 517 1201 illa
533 1164 625 1201 uiua
641 1165 757 1202 uiuos
775 1168 819 1202 ut
838 1169 997 1215 pestem
1014 1166 1193 1216 oppetas.

295 1229 376 1268 DE.
411 1229 508 1278 [Per
524 1229 643 1267 Dium
658 1227 821 1267 Fidium
839 1230 1020 1280 quaeris:
1051 1231 1183 1267 iurato
1200 1230 1297 1268 mihi

291 1294 423 1334 Video
441 1307 611 1334 necesse
628 1307 719 1334 esse
736 1294 874 1346 eloqui
892 1294 1091 1347 quidquid
1106 1296 1256 1347 roges]

291 1361 349 1398 lta
366 1373 429 1399 me
447 1362 651 1413 opstinate
670 1360 911 1412 adgressu's‚
929 1365 973 1399 ut
988 1373 1070 1398 non
1087 1360 1256 1399 audeam
1352 1366 1394 1399 25

292 1425 485 1464 Profecto
501 1427 761 1478 percontanti
780 1427 876 1478 quin
891 1439 1073 1478 promam
1090 1427 1231 1464 omnia.

292 1491 472 1530 Proinde
489 1495 667 1531 actutum
683 1494 788 1531 istuc
807 1491 902 1543 quid
919 1493 971 1530 sit
989 1490 1096 1542 quod
1113 1492 1220 1530 scire
1239 1490 1394 1541 expetis

289 1555 519 1608 Eloquere:
549 1562 594 1596 ut
609 1559 698 1609 ipse
713 1558 840 1606 scibo,
857 1561 899 1595 te
915 1557 1058 1594 faciam
1075 1557 1118 1593 1'1t
1135 1558 1248 1594 scias.

289 1621 350 1659 LI.
383 1621 483 1660 Dice
500 1624 671 1674 opsecro
688 1620 830 1659 hercle
848 1621 956 1659 serio
974 1620 1083 1672 quod
1100 1622 1142 1659 te
1157 1634 1318 1672 rogem:

291 1686 400 1725 Caue
418 1688 516 1725 mihi
532 1686 716 1725 mendaci
735 1688 958 1737 quicquam.
1004 1685 1086 1723 DE.
1114 1686 1218 1734 Quin
1236 1691 1281 1724 tu
1295 1689 1392 1737 ergo

726 1751 875 1801 rogas?
1349 1756 1393 1789 30

291 1817 353 1856 LI.
396 1817 499 1855 Num
521 1829 585 1855 me
601 1815 700 1855 illuc
718 1815 846 1866 ducis,
865 1817 932 1854 1'1bi
949 1815 1053 1868 lapis
1069 1814 1248 1867 lapidem
1263 1816 1392 1854 terit?

290 1884 372 1923 DE.
413 1882 520 1933 Quid
549 1884 655 1921 istuc
685 1886 748 1920 est
778 1886 846 1919 aut
876 1883 943 1920 ubi
973 1883 1176 1920 terrarum
1201 1882 1306 1919 istuc
1331 1882 1393 1920 est

723 1947 836 1986 loci?

289 2015 352 2054 LI.
384 2016 495 2067 Aput
510 2012 773 2053 fustitudinas
791 2013 1084 2065 ferricrepinas
1101 2010 1266 2061 insulas,

289 2081 369 2120 Vbi
385 2084 499 2120 uiuos
517 2082 701 2120 homines
719 2082 868 2119 mortui
883 2081 1092 2118 incursant
1108 2080 1246 2118 boues.

288 2146 370 2185 DE.
404 2146 509 2196 Quid
534 2148 640 2185 istuc
665 2151 733 2185 aut
754 2147 822 2185 ubi
841 2147 893 2184 sit
910 2149 1013 2184 istuc
1028 2157 1189 2196 nequeo
1206 2146 1388 2183 noscere.

288 2212 349 2252 LI.
382 2212 462 2252 Vbi
479 2213 580 2251 flent
596 2225 769 2263 nequam
785 2212 969 2250 homines
990 2212 1058 2262 qui
1073 2208 1282 2261 polentam
1298 2211 1390 2260 pin-

725 2279 858 2315 sitant.
1347 2277 1390 2312 36
