1511 2502
48 155 78 188 Π
101 153 122 189 6
152 155 294 191 11—36
398 145 576 186 MILES
614 143 966 184 GLORIOSVS.
1238 143 1320 184 145

157 257 234 299 SC.
267 259 379 297 Perii
409 256 570 296 hercle:
601 257 668 294 hic
695 254 745 293 ad
774 268 838 294 mc
868 256 982 293 recta
1011 255 1136 295 habet
1165 258 1318 295 rectam

642 320 760 360 uiam.

157 390 301 428 Metuo
319 389 436 428 {llaec
451 388 549 426 mihi
568 399 634 425 rcs
651 387 704 424 nc
719 385 822 425 malo
840 388 983 437 magud
1000 387 1101 437 fuat,

157 455 360 505 Quantum
376 455 485 493 hinne
503 452 638 491 audiui
655 453 794 490 facere
813 453 1035 490 uerborum
1052 464 1204 491 senem.

158 520 241 560 PE.
274 519 472 559 Accedam
494 518 543 558 ad
565 519 784 557 hominem.
816 518 891 556 t1'1n
908 517 1106 557 Sceledre
1122 519 1204 569 hic,
1230 530 1318 556 sce-

651 583 785 622 lerum
805 588 939 636 caput,

158 651 297 690 Meam
311 650 574 691 ludificauisti
589 651 790 702 hdspitam
808 653 901 688 ante
919 648 1031 688 aedis
1048 648 1166 688 modo
1179 650 1199 687 ’.ἲ
1251 654 1318 689 495

160 716 235 755 SC.
266 717 427 766 vicine,
457 715 635 754 ausculta
653 716 815 766 quac‘so.
873 715 955 753 PE.
986 715 1073 766 Ego
1097 712 1321 753 auscultem

645 782 721 819 tibi
733 781 752 818 ‘3

159 846 238 887 SC.
267 847 370 887 Volo
396 860 460 885 me
488 848 726 899 expurgare.
783 846 866 886 PE.
899 846 1018 884 Titne
1050 850 1091 885 te
1120 847 1320 899 expurges

652 912 767 961 mihi,

161 977 240 1026 Qui
258 978 413 1016 facinus
431 982 586 1016 tantum
610 980 772 1029 tamque
793 976 1001 1028 indignum
1016 977 1168 1015 feceris
1180 977 1199 1015 ’ἒ

162 1043 227 1080 An
245 1045 338 1093 quia
353 1041 669 1094 latrocindmini,
688 1044 941 1082 arbitramini

161 1106 332 1156 Quiduis
347 1106 476 1147 licere
492 1108 631 1147 fdcere
648 1109 778 1159 uobis,
796 1109 972 1147 uerbero
984 1109 1004 1147 ’.ἓ
1251 1114 1321 1148 500

158 1173 235 1213 SC.
266 1173 469 1212 Lice‘tne?
517 1174 599 1214 PE.
629 1175 685 1213 At
711 1175 769 1212 ita
797 1187 861 1213 me
893 1173 936 1212 di
965 1173 1150 1226 deaeque
1181 1174 1321 1213 omnes

651 1245 799 1291 ament,

162 1304 250 1343 Nisi
266 1305 365 1344 mihi
382 1305 623 1357 supplicium
646 1307 832 1357 uirgeum
848 1304 900 1344 de
915 1306 958 1345 te
975 1305 1093 1345 datur

163 1370 346 1421 Longum
364 1370 646 1422 diutinumque
665 1386 687 1410 a
701 1384 818 1410 mane
841 1370 892 1410 ad
907 1372 1146 1424 uesperum:

164 1434 283 1484 Quod
298 1434 407 1475 meas
425 1436 666 1488 confregisti
682 1438 873 1476 imbrices
890 1441 933 1476 et
946 1436 1119 1488 tegulas,

165 1501 224 1539 Ibi
242 1500 337 1540 dum
355 1501 595 1553 condignam
612 1503 654 1541 te
670 1504 841 1541 sectaris
859 1504 1036 1542 simiam:
1254 1507 1322 1542 505

163 1565 363 1618 Quodque
400 1566 496 1606 inde
535 1569 817 1620 inspectauisti
855 1581 989 1607 meum
1027 1571 1124 1620 aput
1151 1579 1215 1606 me
1249 1567 1324 1606 hd-

649 1635 810 1686 spitem‚

159 1696 396 1750 Ample'xam
415 1700 581 1739 amicam
599 1713 720 1752 quom
736 1699 1023 1739 ausculabattir
1040 1713 1171 1739 suam:

160 1762 299 1814 [Quin]
319 1764 583 1802 cdncubinam
600 1764 743 1803 erilem
763 1764 999 1804 insimulare
1018 1765 1137 1803 ausus
1155 1777 1198 1803 es

161 1827 312 1866 Probn'
325 1827 514 1879 pudicam
528 1830 675 1880 mcque
693 1830 836 1867 summi
852 1830 980 1880 flagiti
995 1843 1004 1867 :

162 1891 269 1929 Tum
287 1891 394 1943 qudd
411 1893 639 1931 tractauisti
655 1893 856 1944 hdspitam
869 1898 962 1932 ante
972 1892 1084 1931 aedis
1096 1905 1227 1931 meas:
1254 1898 1324 1932 510

162 1956 249 1994 Nisi
265 1957 364 1994 mihi
381 1957 623 2008 supplicium
640 1956 870 1996 stimuleum
888 1957 938 1996 de
959 1958 1032 2009 [te]
1053 1957 1186 2009 datur,

161 2022 387 2060 Dedecoris
403 2022 631 2074 plenidrem
648 2036 762 2061 erum
778 2023 923 2062 faciam
939 2028 1065 2074 tuum,

165 2087 294 2135 Quam
310 2089 452 2137 magno
470 2092 594 2126 uento
612 2087 817 2139 plenumst
833 2087 1032 2126 undarum
1047 2100 1172 2127 mare.

162 2152 236 2191 SC.
268 2152 327 2190 Ita
343 2153 431 2190 siim
449 2157 625 2203 coactus,
641 2152 998 2205 Periplecomcne,
1015 2158 1060 2191 ut
1076 2154 1268 2203 nesciam,

159 2216 307 2256 Vtrum
323 2229 387 2255 me
405 2216 665 2269 expostulare
689 2223 824 2256 tecum
842 2220 1051 2269 aequumst
1068 2219 1197 2270 prim,
1253 2223 1324 2257 51³

161 2283 239 2331 An,
261 2282 294 2319 si
311 2283 435 2320 istaec
452 2295 533 2320 non
550 2287 612 2321 est
627 2283 728 2321 haec
744 2295 877 2333 neque
895 2283 996 2321 hacc
1015 2282 1142 2320 uisast
1159 2282 1271 2331 mihi,

113 2346 296 2382 (ἥβῃ-’1η
327 2346 354 2383 1.
1006 2354 1048 2385 10
