1511 2502
285 80 304 89 κ

134 121 345 180 uus-25
545 131 999 173 ASINARIA.
1361 133 1415 173 25

135 249 214 288 LE.
242 248 302 287 Ne
319 252 363 286 tu
378 245 518 285 hercle
536 258 625 284 cum
641 245 783 295 magud
800 241 905 281 malo
920 243 1022 295 [tuo]
1036 245 1089 283 mi
1101 245 1261 284 obuiam
1275 259 1415 285 occes-

745 309 847 346 sisti.

138 380 248 428 Quor
271 380 353 417 ndn
375 377 538 427 uenisti,
565 379 607 414 ut
630 375 903 425 i1'1sseram‚in
919 376 1195 414 tonstrinam?
1237 376 1301 415 LI.
1331 377 1411 416 Hic

743 452 807 478 me
824 443 1036 479 moretust.

137 510 215 549 LE,
249 507 292 546 Si
319 506 483 558 quidem
501 505 643 545 hercle
663 519 769 544 nunc
787 507 986 545 summiim
1003 506 1142 546 Iouem
1157 512 1200 547 te
1216 507 1325 547 dicas
1344 508 1415 547 de-

745 573 917 611 tinuisse

135 643 269 692 Atque
285 641 317 677 is
335 643 528 691 precator
545 637 690 688 adsiet‚
716 637 859 677 malam
877 651 965 677 rem
982 639 1165 690 ecfugies
1182 640 1411 692 numquam.

141 707 199 744 l‘u
216 706 392 744 uerbero
409 705 615 756 inperium
631 716 764 742 meum
782 705 1096 758 contempsisti?
1140 705 1203 745 LI.
1235 706 1413 758 Hospes,

743 771 860 822 perii.
1346 776 1414 811 416

136 839 227 877 ME,
261 839 418 888 Quaeso
444 835 588 876 hercle
612 836 710 886 noli,
737 836 903 887 Saurea,
930 849 1020 875 mea
1041 837 1182 876 caussa
1196 838 1304 876 hunc
1320 850 1415 876 uer-

743 903 902 941 berare.

137 969 213 1009 LE.
240 971 404 1010 Vtinam
419 983 526 1008 nunc
543 967 729 1008 stimulus
750 970 790 1006 in
807 981 925 1006 manu
941 969 1042 1008 mihi
1058 971 1112 1007 sit
1129 1000 1136 1008 .
1156 1001 1164 1009 .
1201 969 1295 1009 ME.
1314 969 1410 1019 Qui-

745 1046 839 1073 esce
858 1035 1020 1085 quaeso.

95 1118 103 1122 ·
138 1098 211 1145 LE.
247 1102 324 1152 Qui
339 1100 471 1139 Izitera
488 1103 696 1139 conteram
713 1106 794 1152 tua,
816 1113 918 1152 quae
936 1099 1170 1139 occalluere
1187 1100 1330 1153 plaigis,

132 1166 320 1219 Apscede
338 1180 382 1205 ac
400 1168 487 1205 sine
505 1179 568 1205 me
585 1168 692 1205 hunc
708 1165 903 1219 perdere,
927 1167 995 1219 qui
1011 1167 1174 1219 semper
1192 1179 1255 1206 me
1273 1167 1335 1206 ira
1349 1168 1411 1205 iu-

743 1231 895 1283 cendit,
1344 1237 1413 1272 420

134 1299 238 1348 Quoi
254 1300 471 1349 numquam
487 1311 575 1337 rem
589 1312 653 1337 me
670 1301 789 1337 unam
804 1297 906 1337 licet
922 1297 1304 1351 semelpraecipere
1314 1298 1411 1349 fiiri,

135 1365 242 1414 Quin
267 1366 451 1403 centiens
479 1364 622 1403 eadem
641 1368 828 1416 inperem
845 1371 966 1415 atque
984 1365 1242 1415 ogganniam:
1272 1365 1411 1415 itaque

740 1431 818 1468 iam
834 1428 978 1468 hercle

133 1495 323 1534 Clamore
341 1509 385 1533 ac
403 1497 610 1534 stomacho
633 1497 714 1534 nen
733 1508 837 1547 queo
853 1494 988 1533 labdri
1005 1493 1282 1546 suppeditare.

131 1561 273 1611 Iussin,
291 1560 482 1612 sceleste,
501 1562 548 1599 ab
565 1562 684 1599 ianua
700 1561 782 1599 hoc
800 1561 957 1599 stercus
973 1560 1069 1598 hinc
1087 1560 1272 1598 auferri?

133 1626 260 1664 iussin
277 1625 474 1665 columnis
492 1624 652 1666 deiciet
669 1629 814 1679 operas
832 1625 1102 1664 aranedrum?
1342 1631 1410 1666 425

130 1692 284 1731 Iussine
300 1693 342 1730 in
359 1693 622 1745 splendorem
640 1693 728 1732 dari
744 1694 816 1731 has
832 1692 966 1731 bullas
982 1693 1140 1731 foribus
1160 1693 1312 1731 nestris
1323 1693 1342 1731 2²

131 1756 243 1795 Nihil
271 1759 352 1796 est:
383 1763 587 1810 tamquam
619 1761 652 1798 si
684 1758 852 1798 claiidus
877 1760 952 1797 sim
964 1788 975 1810 ,
1006 1771 1096 1797 cum
1114 1758 1256 1798 fustist
1272 1760 1411 1797 ambu-

739 1825 918 1865 landum.

133 1887 235 1935 Quia
265 1889 442 1928 triduom
466 1891 544 1929 hoc
571 1892 695 1930 unnim
719 1891 838 1929 modo
866 1892 957 1929 ford
986 1890 1083 1929 dedi
1108 1902 1274 1942 operam
1302 1890 1411 1929 adsi-

745 1957 877 2007 duam,

133 2018 235 2056 Dum
251 2019 452 2070 reperiam
470 2023 537 2072 qui
555 2024 761 2074 quaeritet
778 2024 989 2074 argentum
1003 2024 1046 2061 in
1063 2023 1228 2061 faenus:
1252 2024 1319 2061 hic
1336 2036 1409 2061 uos

136 2085 329 2123 Dormitis
353 2086 513 2126 interea
537 2088 645 2128 domi
669 2094 791 2141 atque
817 2102 911 2128 erus
935 2091 978 2127 in
993 2090 1105 2140 hara,
1122 2090 1220 2127 haut
1237 2088 1407 2127 aedibus

737 2156 904 2194 habitat.
1342 2160 1411 2194 430

131 2215 236 2254 Hem
266 2228 363 2265 ergo
389 2217 466 2255 hec
486 2219 574 2258 tibi.
618 2220 681 2259 LI.
716 2222 895 2273 Hospes,
926 2226 969 2259 te
994 2223 1182 2272 opsecro,
1213 2219 1405 2259 defende.

740 2287 834 2325 ME.
865 2287 1030 2338 Saurea,
1048 2289 1119 2324 (iro
