1511 2502
99 120 191 153 XXII
537 117 743 151 EPISTVLA
772 118 936 150 CRITICA

101 221 199 263 posui
219 220 359 260 poterit.-
390 220 422 250 in
456 230 522 251 rem
545 229 605 260 pro
632 219 789 251 librorum
812 221 940 259 poteris
966 223 1046 252 istuc
1070 221 1101 251 in
1127 231 1193 252 rem
1218 221 1373 262 praeive-

101 274 149 298 rat
174 266 330 297 Rssizws.
358 281 401 287 —
426 264 555 297 &1413
578 265 642 296 hoc
668 266 739 296 loco
765 266 820 296 ubi
847 266 879 295 iu
904 266 997 297 libris
1021 272 1111 297 extat
1136 265 1272 297 mirifice
1297 266 1369 298 lan-

101 318 180 353 guet
205 317 235 342 et
261 318 430 350 tamquam
457 311 638 347 claudicat,
665 321 730 350 qua
757 311 797 341 de
825 320 925 341 causa
949 312 1026 343 vide
1050 321 1129 342 num
1155 321 1220 342 non
1244 312 1368 343 inconi-

100 357 199 388 :node
233 356 317 387 inter
349 366 380 386 v.
400 354 467 389 407
495 363 526 387 et
549 354 616 387 408
643 356 848 393 conlocetur,
886 363 919 387 ut
944 363 1142 398 personatus
1167 356 1373 388 Philocrates—

101 403 193 434 ludat
225 402 258 432 in
291 401 514 433 locutionibus
546 402 680 433 emisisti
707 412 724 432 e
749 402 864 432 uinclis
889 409 919 433 et
943 413 1038 434 marm
1063 404 1194 434 emittat.
1226 407 1368 433 ceterum

103 465 135 485 v.
155 450 225 484 408
257 453 358 483 verba
389 454 439 483 sic
472 452 644 484 conlocare
671 452 832 483 debebam
863 448 959 497 quin
989 449 1107 487 mam'l
1138 454 1181 486 te
1212 448 1372 485 emittat

102 504 255 554 greiti'ls.
276 524 333 532 —-
359 507 400 537 V.
425 505 492 539 418
526 507 742 546 adquiescere
775 507 936 538 debebam
969 510 1000 540 in
1028 509 1208 540 Bam-mmo
1241 493 1372 554 Opse-

103 560 266 610 quiosus
289 558 388 595 mihi
408 557 522 595 fuisti
543 558 725 608 Semper,
755 569 787 592 ut
806 562 952 593 Rsslzws
973 574 1106 604 quoque
1119 571 1372 595 correxeran—

100 619 141 649 V.
160 616 227 651 59}
253 618 484 659 corrigendum
513 625 561 648 est
590 613 687 650 fune
711 625 834 663 opus,
863 612 1018 664 Hegio,
1050 614 1118 651 'stt
1150 629 1178 649 v.
1195 615 1261 650 672
1289 613 1373 650 De-

100 668 337 707 lacerauisti
367 671 444 714 (pro
479 683 543 712 qua
576 673 749 704 rei-issima
782 673 939 705 librorum
978 675 1140 715 scriptura
1169 674 1280 704 nescio
1306 683 1373 712 quo

103 739 212 759 errore
243 728 476 759 [lilaeeram'stz'
498 728 531 758 in
558 727 644 758 hanc
673 727 852 758 editionem
879 729 1082 769 irrepserit):
1117 739 1148 760 v.
1165 725 1234 761 698
1265 721 1375 771 Quid

104 781 156 816 SIt
185 779 262 816 hoc
291 779 430 829 negoti
461 782 570 823 (quod
597 788 645 813 est
671 782 701 812 iu
728 782 839 813 libris:
874 782 914 813 cf.
938 792 1040 824 supra
1065 783 1107 813 ad
1131 782 1251 824 Amph.
1270 781 1373 823 111):

103 849 133 869 v.
164 836 231 870 700
267 833 353 872 Nec
392 835 642 884 quisquamst
678 833 732 869 mi
770 831 903 882 [alius]
944 834 1072 883 aeque
1101 832 1246 870 melius
1278 832 1375 883 quoi*

103 889 238 927 uelim.
262 911 318 918 -—
346 894 387 925 V.
411 891 478 925 729
509 903 558 932 sq.
595 892 747 932 quotiens
779 892 845 933 legi
882 892 1003 923 offendi
1034 893 1064 923 in
1092 893 1242 933 neglecta
1265 893 1372 933 figura

103 945 260 982 chiasmi,
290 955 355 975 non
380 954 489 975 tamen
516 953 617 974 ausus
645 953 718 973 sum
744 944 924 983 corrigere:
952 943 1006 974 hic
1030 950 1139 974 tamen
1164 953 1228 974 nou
1256 943 1374 974 dii'lite-

103 991 162 1021 bor
188 990 249 1029 (cf.
278 990 364 1021 Rud.
391 989 411 1022 6
439 988 509 1029 sq.)
534 995 667 1030 poetam
692 990 739 1018 sic
766 987 845 1020 mihi
872 989 975 1019 videri
1002 989 1177 1029 scripsisse

159 1035 259 1073 Nam
278 1037 401 1073 noctu
421 1047 548 1072 neruo
569 1035 727 1071 uinctus
750 1033 1035 1084 custodibitur‚

161 1091 243 1128 Sub
267 1091 380 1128 terra
401 1089 561 1141 lapides
584 1090 734 1126 eximet
757 1088 971 1127 interdius.

102 1147 142 1176 Y.
167 1143 233 1178 777
257 1147 349 1186 ipsus
380 1156 440 1187 pro
472 1145 629 1176 libroruin
666 1146 736 1183 ipse
767 1145 893 1185 sumpsi
925 1154 943 1174 a
970 1144 1111 1182 Rssrzro,
1150 1145 1228 1175 item
1256 1155 1285 1178 v.
1306 1142 1374 1176 783

102 1193 144 1223 mi
171 1191 266 1223 hodie
300 1201 359 1233 pro
394 1191 489 1222 hodie
521 1190 605 1221 mihi.
633 1205 676 1211 -
707 1189 747 1219 V.
775 1187 841 1221 798
875 1191 992 1220 mirum
1022 1190 1054 1220 ni
1080 1196 1179 1231 poeta
1206 1190 1374 1231 scripserit

104 1239 232 1275 omnis
254 1236 437 1275 mortalis
459 1236 604 1273 fficiam
624 1241 668 1272 ut
691 1247 914 1285 quemque,
945 1241 1029 1271 sicut
1053 1251 1161 1272 omnes
1186 1240 1374 1281 (mulieres)

104 1299 137 1323 ul
163 1302 310 1333 quaeque
335 1292 401 1323 Mil.
423 1290 526 1329 1264,
555 1292 659 1322 omnia
684 1296 719 1321 ut
745 1291 878 1331 quicque
902 1290 1020 1321 Bacch.
1040 1290 1130 1323 1097
1157 1298 1187 1323 et
1212 1292 1373 1324 Pseud.V

104 1339 123 1368 2
156 1338 194 1369 ΣΞ)
223 1337 295 1369 libri
322 1343 501 1374 testantur,
528 1336 592 1368 hoc
608 1336 692 1367 Rud.
710 1333 797 1367 1359
812 1335 955 1367 Rssizivs
973 1338 1115 1367 restituit
1130 1343 1161 1368 et
1174 1337 1294 1379 Amph.
1307 1335 1374 1370 599

106 1394 167 1425 ego
197 1384 237 1414 «le
263 1384 449 1415 coniectura
477 1382 553 1413 dedi
578 1392 637 1423 pro
663 1381 820 1412 librorum
840 1392 929 1413 omne
946 1387 978 1413 ut
993 1384 1145 1423 quicque:
1173 1393 1375 1424 quamquam

105 1429 192 1460 Ruri.
216 1427 299 1461 1139
329 1439 377 1469 sq.
406 1429 530 1460 dictum
556 1434 606 1459 est
630 1429 735 1458 omnia
767 1427 926 1469 quidquid
955 1428 1032 1459 insit
1062 1428 1143 1468 (nisi
1172 1429 1218 1460 ibi
1243 1439 1377 1469 quoque

106 1480 138 1505 ut
164 1476 299 1516 quicque
326 1475 553 1516 reponendum
578 1472 662 1513 est):
691 1473 750 1504 sed
775 1479 862 1504 totus
890 1472 943 1504 hic
969 1473 1060 1504 locus
1081 1473 1121 1504 de
1142 1475 1375 1514 pronominum

106 1521 240 1562 quisque
276 1527 305 1551 et
342 1521 489 1562 quisquis
523 1528 586 1550 usu
616 1518 768 1549 Plautino
801 1520 1004 1550 accuratiore
1036 1518 1163 1560 indiget
1189 1526 1375 1560 perscruta-

107 1566 205 1597 tione.
235 1584 280 1589 —
318 1566 357 1597 V.
374 1564 442 1598 823
465 1566 498 1596 iu
523 1565 684 1605 scriptura
709 1564 748 1595 V.
771 1562 804 1594 C.
825 1573 924 1604 quam
949 1564 1087 1595 PAnBvs
1121 1564 1205 1595 false
1235 1571 1378 1596 testatus

108 1626 157 1648 cst
184 1627 223 1648 ne
250 1617 344 1648 litera
371 1616 506 1657 quidem
532 1615 690 1646 mutanda
719 1622 788 1646 erat
814 1610 1028 1661 El‘igepae:
1061 1608 1287 1648 edictiones
1309 1611 1379 1648 ae-

108 1666 264 1705 dilicias
294 1668 361 1705 hic
392 1666 557 1718 quidem
585 1666 720 1704 habet.
752 1681 828 1702 nam
853 1669 963 1702 hiatus
991 1670 1241 1702 exclamationis
1266 1671 1377 1702 nullus

108 1735 168 1758 cst.
195 1745 238 1749 —
267 1727 307 1759 V.
327 1725 393 1760 831
422 1727 470 1758 sie
496 1726 607 1758 malim
634 1727 803 1767 transponi
833 1721 911 1759 H1‘c
941 1721 1060 1759 homo
1087 1721 1237 1772 recipit
1258 1734 1302 1760 se
1327 1720 1376 1758 ad

108 1790 171 1815 me
203 1777 252 1815 ad
282 1790 441 1815 cenam:
472 1791 571 1813 versu
597 1786 706 1812 autem
735 1783 886 1821 sequenti
911 1782 1032 1812 nollem
1056 1780 1154 1812 Nonii
1180 1783 1377 1823 scripturam

108 1834 240 1864 exilium
266 1833 351 1865 dabo
376 1834 409 1865 in
435 1832 592 1863 orationis
618 1831 766 1862 ordinem
794 1832 1012 1873 recepissem,
1049 1837 1195 1872 praestat
1225 1833 1312 1863 enirn
1339 1830 1377 1861 li-

110 1886 240 1914 brorum
265 1884 490 1915 Plautinorum
522 1878 688 1915 exitium
719 1876 875 1916 adfero.
908 1899 963 1906 --
1000 1883 1038 1913 V·
1060 1879 1146 1918 885,
1175 1881 1202 1912 si
1230 1891 1304 1912 vere
1330 1889 1377 1911 'rv

108 1936 141 1965 iu
165 1934 295 1976 Proleg.
322 1934 411 1965 Trin.
440 1943 472 1975 p.
490 1941 648 1964 (mxxxix
674 1932 919 1974 monosyllabas
941 1933 1198 1963 exclamationes
1219 1942 1376 1972 umquam

109 1980 209 2010 elisas
246 1990 320 2011 esse
356 1979 502 2021 negasti,
538 1988 600 2010 uae
626 1979 731 2008 aetati
754 1983 830 2008 tuae
859 1987 877 2008 a
901 1984 1000 2019 poeta
1026 1978 1185 2018 scriptum
1212 1987 1286 2008 esse
1313 1987 1378 2008 nou

110 2036 235 2072 potest:
263 2030 496 2071 corrigendum
522 2029 625 2071 igitur
652 2028 782 2059 videtur
809 2023 895 2062 Vae
926 2023 1035 2061 uitae,
1064 2029 1180 2073 tuae,
1210 2038 1309 2069 quam
1330 2028 1378 2059 10-

107 2082 274 2112 cutionem
301 2089 350 2112 'rv
375 2081 406 2111 iu
434 2079 647 2111 adnotatione
673 2079 715 2110 ad
743 2077 843 2109 Stich.
864 2076 932 2110 594
957 2089 1054 2119 quern
1080 2089 1213 2110 versum
1238 2079 1379 2120 palmari

111 2126 341 2158 zmendatione
379 2126 496 2157 eodem
522 2125 642 2156 mendo
674 2124 772 2155 aliam
800 2125 898 2154 etiam
926 2126 966 2155 οἱ)
994 2134 1129 2155 causam
1154 2125 1380 2166 pei-purgasti,

110 2173 208 2203 'iuius
241 2172 347 2214 ipsius
383 2171 523 2202 sortasse
558 2179 672 2202 versus
705 2179 830 2200 memor
863 2164 912 2205 ὠς
937 2164 975 2200 ἐν
1001 2165 1153 2212 παρόδῳ
1179 2179 1378 2201 commemo-

110 2224 200 2248 rasn.
228 2235 273 2240 -—
300 2217 339 2248 V.
357 2214 420 2248 891
452 2222 482 2247 et
506 2213 573 2248 897
600 2221 736 2256 propter
766 2215 1029 2246 adkvermionem
1059 2220 1206 2256 praestat
1235 2215 1379 2246 scribere

109 2262 275 2314 uideor,
312 2274 411 2300 uera
449 2263 481 2299 si
520 2262 700 2299 autumas
726 2272 755 2296 et
780 2262 954 2312 uictum,
990 2273 1087 2299 uera
1118 2261 1152 2298 si
1183 2261 1381 2299 autumas.
