1511 2502
44 125 269 162 11121-16
421 113 942 154 BACCHIDES.
1264 112 1317 153 73

437 517 747 579 Achs
817 517 924 577 ΙΙΙ.

233 662 606 700 ΜΝΕεηοοΗνε
647 665 760 713 (cvm
799 661 1131 712 ananvls).

51 762 308 802 Multimodis
331 762 548 801 meditatus
565 767 726 813 egomet
742 763 897 800 mecum
917 775 1002 800 sum
1021 767 1063 801 et
1078 763 1135 801 ita
1152 774 1242 801 esse
1260 765 1324 801 ar-

653 827 804 865 bitror:
1255 832 1324 866 385

54 893 217 932 Homini
235 894 360 931 amico
379 894 485 944 quist
501 892 649 929 amicus
666 894 722 929 ita
737 893 796 929 uti
813 904 960 930 nomen
977 891 1162 944 possidet

56 959 139 1001 Nisi
157 957 254 996 deos
272 960 310 996 ei
323 957 381 996 nil
394 962 626 1009 praestare:
648 956 690 994 id
705 958 830 1008 opera
844 962 1036 1009 expertus
1051 971 1137 996 sum
1152 958 1241 995 esse
1256 958 1324 995 ita.

58 1020 152 1065 Nam
167 1029 211 1061 ut
226 1025 267 1061 in
276 1024 485 1075 Ephesum
501 1023 595 1060 hinc
612 1023 691 1059 abii
704 1016 810 1076 (hoc
826 1022 1017 1060 factumst
1035 1023 1165 1060 fe'rme
1179 1022 1325 1060 abhinc

657 1085 909 1143 biennium),

56 1144 115 1193 Ex
129 1155 293 1206 Epheso
310 1154 388 1192 huc
406 1152 455 1191 ad
471 1151 743 1191 Pistoclerum
759 1152 894 1192 meum
916 1152 1096 1191 sodalem
1111 1153 1253 1191 literas

56 1220 195 1270 Missi,
226 1220 391 1257 amicam
416 1224 459 1256 ut
481 1219 535 1256 mi
559 1220 766 1257 inueniret
781 1217 1040 1258 Bacchidem.
1073 1217 1188 1257 illum
1204 1217 1329 1256 intel-

658 1282 751 1333 lego
1260 1287 1332 1322 390

58 1339 281 1397 inuenisse,
301 1353 345 1385 ut
360 1347 471 1384 meus
487 1348 541 1385 mi
558 1359 699 1385 seruos
716 1348 918 1385 nuntiauit
935 1346 1171 1387 Chrusalus.

62 1411 272 1462 condigne
296 1413 329 1449 is
355 1424 472 1462 quam
495 1413 683 1450 technam
700 1411 749 1450 de
774 1425 870 1449 auro
889 1411 1103 1450 aduorsum
1120 1424 1251 1450 meum
1269 1412 1332 1449 fe-

665 1480 719 1516 c1't
734 1483 906 1529 patrem,

61 1533 117 1579 Vt
132 1542 230 1579 mihi
247 1542 394 1579 amanti
413 1542 526 1593 copia
543 1548 663 1581 esset.
698 1541 883 1592 [ae'quom
900 1540 1021 1579 uideo
1039 1541 1081 1579 id
1098 1541 1290 1580 reddere.

60 1606 160 1644 Nam
183 1605 254 1658 pol
278 1618 366 1644 meo
386 1606 548 1657 quidem
566 1608 696 1645 animo
714 1607 873 1657 ingrato
891 1607 1054 1644 homine
1070 1605 1175 1644 nihil
1189 1607 1336 1658 inpen-

664 1673 775 1710 siust.

63 1736 373 1776 Malefactorem
389 1739 517 1776 amitti
532 1739 675 1776 satiust
688 1740 805 1789 quam
816 1736 996 1788 relinqui
1008 1737 1246 1776 be'neficum.
1265 1742 1333 1776 395

63 1801 195 1840 Nimio
211 1801 496 1853 inpendiosum
512 1808 694 1854 praestat
710 1804 753 1841 te
770 1815 887 1854 quam
902 1803 1105 1852 ingratum
1122 1801 1264 1840 dffeier.

63 1856 180 1904 l'llum
198 1865 420 1905 laudabunt
436 1868 553 1905 boni:
582 1868 689 1906 hunc
706 1869 826 1906 etiam
844 1868 921 1919 ipsi
939 1866 1162 1919 culpabunt
1177 1864 1285 1904 mali.

68 1931 153 1981 Qua
176 1944 240 1970 me
266 1945 404 1971 caussa
429 1934 554 1984 magis
583 1947 671 1972 cum
697 1947 792 1972 cura
809 1945 899 1972 esse
916 1934 1147 1984 aequomst:
1180 1931 1338 1982 obuigi·

667 1999 749 2037 lato
768 2003 899 2050 opust.

68 2059 204 2108 Nunc,
234 2059 513 2114 Mnesiloche,
543 2064 751 2116 specimen
771 2064 975 2114 specitur,
1006 2062 1114 2100 nunc
1130 2067 1339 2100 certamen

361 2166 370 2169 -
672 2129 867 2178 cernitur,

72 2186 190 2225 Sisne
219 2198 349 2226 necne
379 2196 423 2228 ut
456 2192 544 2230 esse
578 2197 765 2244 oportet:
805 2192 952 2244 malus,
983 2193 1113 2232 bonus
1147 2191 1341 2243 quoiquoi

670 2257 799 2295 modi:
1272 2261 1343 2294 400
