1511 2502
137 120 220 162 314
610 121 924 162 PLAVTI
1144 133 1403 172 1111247-61

139 234 222 272 CH.
255 233 362 283 Quid
379 233 451 285 [id]
470 238 533 272 est
550 234 624 272 tibi
639 233 802 284 nomen,
819 232 1060 272 adulescens
1073 233 1093 271 ’.ἲ
1136 233 1215 274 SV.
1249 235 1342 285 Pax,
1361 235 1403 274 id

735 301 797 335 est
812 299 960 336 nomen
976 298 1075 336 mihi
1088 315 1094 334 ς

138 365 227 404 Hoc
245 364 542 404 cotidiAnumst.
591 363 676 402 CH.
706 363 867 415 Edepol
882 365 1030 402 nomen
1046 365 1320 415 nugatorium:
1337 371 1406 405 890

141 431 264 479 Quasi
283 429 407 479 dicas,
424 428 561 480 siquid
577 428 826 467 crediderIm
841 429 930 479 tibi,
946 442 1023 480 pax
1038 431 1212 481 periisse
1229 428 1338 469 ilico.

139 496 216 533 Hic
241 495 360 533 homo
387 493 519 532 solide
539 494 840 545 snicophantast.
875 493 972 544 quid
989 495 1045 532 ais
1062 498 1119 545 tu,
1137 494 1405 534 adulescens?

742 559 819 599 SV.
853 559 959 608 Quid
976 560 1067 598 est?

140 626 226 664 CH.
259 615 492 677 Eloquere,
523 625 592 663 isti
617 625 692 662 tibi
717 624 813 675 quid
837 625 1022 663 homines
1048 625 1202 665 debent
1232 639 1331 677 quos
1362 631 1406 665 tu

742 690 973 739 quaeritas?

139 755 219 795 SV.
249 756 374 793 Pater
398 756 514 793 istius
540 754 812 793 adulescentis
838 754 953 792 dedit
977 756 1048 793 has
1066 755 1162 794 duas
1183 757 1237 794 mi
1253 758 1402 808 epistu1

742 819 815 869 las,

138 887 378 926 Lesbonici:
408 887 442 924 is
459 887 552 924 mist
568 886 728 924 amicus.
768 885 854 924 CH.
878 885 1020 924 Teneo
1038 886 1144 924 hunc
1161 886 1407 925 manufesta-

739 952 863 988 rium:
1338 957 1405 992 895

139 1019 211 1060 Me
228 1020 306 1057 sibi
326 1017 522 1071 epistulas
540 1017 703 1056 dedisse
721 1017 832 1056 dicit.
863 1017 1001 1056 ludam
1017 1019 1222 1057 hominem
1235 1021 1377 1071 probe.

140 1084 219 1123 SV.
243 1074 303 1123 I'ta
318 1088 363 1122 ut
379 1084 535 1135 occepi,
552 1084 586 1121 si
603 1084 775 1121 animum
788 1082 991 1133 aduortas,
1010 1082 1150 1123 dicam.
1185 1084 1270 1124 CH.
1294 1084 1406 1122 Dabo

744 1150 909 1199 operam
926 1148 1013 1186 tibi.

141 1214 220 1253 SV.
253 1214 369 1252 Hanc
393 1226 456 1252 me
473 1214 591 1252 iussit
605 1213 832 1251 Lesbonico
850 1212 946 1251 dare
965 1226 1036 1251 suo
1054 1217 1172 1264 gnato
1193 1213 1408 1265 epistulam

141 1269 195 1316 Et
214 1279 313 1316 item
332 1279 435 1316 hanc
453 1277 624 1316 alteram
642 1290 712 1315 suo
731 1278 856 1316 amico
875 1276 1035 1316 Callicli
1050 1278 1168 1316 iussit
1184 1277 1295 1317 dare.

143 1344 228 1383 CH.
260 1344 366 1382 Mihi
398 1356 557 1394 quoque
590 1341 761 1394 edepol,
798 1355 918 1393 quom
945 1343 1011 1380 hic
1041 1347 1234 1393 nugatur,
1268 1344 1408 1381 contra

745 1409 887 1458 nugari
903 1407 1030 1446 lubet.
1342 1412 1410 1447 900

141 1463 222 1512 Vbi
238 1475 326 1525 ipse
344 1474 462 1512 erat?
507 1473 585 1514 SV.
618 1475 729 1512 Bene
746 1475 833 1511 rem
849 1474 1030 1523 gerebat.
1072 1473 1158 1512 CH.
1185 1463 1294 1525 Ergo
1310 1472 1409 1511 ubi‘.l

746 1538 824 1577 SV.
853 1538 899 1575 In
916 1536 1117 1577 Seleucia.

140 1605 227 1644 CH
368 1602 387 1624 *
526 1602 546 1623 *
685 1602 706 1624 *
842 1600 862 1623 *
1001 1601 1021 1624 *
1159 1602 1179 1625 ηε
1316 1603 1338 1627 *

141 1659 203 1719 Ab
221 1671 364 1722 ipsone
380 1669 478 1707 istas
495 1669 690 1721 accepisti
702 1668 721 1705 ‘3
760 1667 840 1707 SV.
870 1668 904 1706 Ε
921 1668 1103 1706 manibus
1120 1666 1237 1707 dedit
1251 1670 1306 1708 mi
1320 1670 1409 1722 ipse

179 1723 185 1727 κ
745 1735 787 1771 in
803 1746 954 1772 manus.

140 1800 227 1839 CH.
276 1800 362 1849 Qua
402 1799 549 1838 faciest
587 1799 706 1837 homo
719 1799 739 1836 ’.ἱ
796 1798 874 1838 SV.
920 1798 1176 1851 Sesquipede
1210 1798 1411 1850 quidamst

746 1877 863 1915 quam
890 1868 934 1901 tu
959 1862 1134 1914 longior.

140 1933 228 1972 CH.
258 1933 417 1972 Hae'ret
439 1933 541 1971 haec
568 1944 658 1982 res,
690 1933 724 1970 si
749 1930 913 1982 quidem
931 1943 1006 1981 ego
1024 1942 1169 1982 apsens
1186 1931 1273 1968 siim
1291 1944 1408 1982 quam

740 2009 936 2049 praesens
952 1995 1127 2046 longior.

138 2064 352 2103 Nouistine
370 2063 606 2102 hominem?
648 2062 726 2102 SV.
759 2060 948 2100 Ridicule
965 2061 1131 2111 rogitas,
1158 2062 1319 2111 quicum
1333 2062 1410 2098 unzi

744 2128 878 2165 cibum
1343 2129 1411 2164 905

141 2195 300 2246 capere
332 2191 458 2232 soleo.
514 2193 601 2232 CH.
641 2191 747 2243 Quid
777 2195 841 2230 est
869 2191 908 2230 ei
940 2191 1119 2229 nomen?
1173 2188 1251 2229 SV.
1294 2186 1409 2237 Quod

743 2256 892 2309 edepol
907 2256 1061 2294 homiui
1076 2255 1218 2306 probo.
