1511 2502
113 185 209 218 11112
227 182 389 218 99—114
538 165 969 209 TRINVMMVS.
1307 162 1388 204 317

113 287 199 327 GH.
240 286 324 326 Sub
355 284 460 326 solio
490 282 626 323 louis?
679 281 757 320 SV.
798 280 858 318 lta
888 278 993 318 dico.
1049 279 1136 317 CH.
1176 279 1210 317 Ε
1246 277 1389 316 caelo?

713 346 794 386 SV.
825 346 962 396 Atque
980 357 1002 382 e
1026 343 1163 382 medid
1182 342 1358 394 quidem.

113 418 200 457 CH.
230 417 335 465 Eho,

113 472 177 522 Ᾰιι
219 484 341 522 etiam
377 482 419 519 in
454 478 612 519 caelum
642 475 897 516 escendisti‘?
951 474 1031 514 SV.
1072 474 1195 512 Immo
1228 473 1389 512 hdriola

714 542 877 581 aduecti
893 554 1029 580 sumus

113 604 252 665 Vsque
278 625 380 664 aqua
402 610 575 650 aduorsa
598 622 675 662 per
700 621 870 648 amnem.
919 608 1006 646 CH.
1036 607 1101 645 An
1125 610 1169 644 tu
1190 606 1312 644 etiam
1328 606 1389 644 ui-

713 675 810 714 disti
825 674 992 713 Iouem?

111 746 190 786 SV.
223 735 356 798 [Eum]
370 744 438 785 alii
449 743 490 783 di
502 745 584 783 isse
598 743 648 783 ad
657 741 798 782 uillam
809 742 945 781 aibant
957 741 1087 780 se'ruis
1100 739 1387 793 depromptum

721 811 867 848 cibum.

110 877 270 917 Deinde
287 890 412 931 porro
426 909 455 917 ..
475 877 561 917 GH.
579 875 741 916 Deinde
756 888 882 927 porro
899 872 1015 912 n6110
1034 873 1250 925 quicquam
1264 873 1385 925 prae-

721 940 846 979 dices.
1099 972 1102 973 γ
1318 944 1385 978 945

112 1010 190 1050 SV.
227 1009 382 1060 [Taceo
404 1007 496 1059 ego]
514 1007 679 1058 hercle,
710 1009 745 1045 s1'
760 1006 1027 1044 molestumst.
1069 1005 1154 1043 CH,
1186 1004 1288 1043 Nam
1311 1017 1385 1057 pu-

720 1071 854 1110 dicum
871 1071 1077 1109 ne‘minem

112 1137 390 1190 [Praedicare]
425 1138 591 1190 opdrtet
621 1137 688 1188 qui
724 1149 794 1188 aps
824 1140 938 1174 terra
967 1134 1019 1174 ad
1048 1133 1206 1174 caelum
1234 1135 1385 1187 perue-

717 1202 841 1240 uerit.

109 1268 187 1308 SV.
218 1268 442 1318 Dimittam‚
467 1271 512 1307 ut
537 1272 580 1306 te
596 1266 709 1306 uelle
726 1266 861 1306 uideo.
892 1266 956 1304 set
971 1269 1154 1304 monstra
1168 1265 1295 1304 hosce
1310 1265 1386 1304 ho-

336 1336 338 1339 ’
720 1333 850 1371 mines
866 1332 966 1370 mihi

109 1399 219 1448 Quds
251 1411 327 1449 ego
360 1410 535 1451 quaero,
567 1398 712 1449 quibus
736 1410 801 1435 me
827 1400 993 1449 oportet
1016 1397 1089 1435 has
1114 1394 1282 1434 deferre
1299 1396 1385 1447 epi—

716 1461 855 1501 stulas.

110 1529 194 1569 GH.
228 1528 336 1579 Quid
353 1529 410 1567 ais
421 1529 441 1566 *ἓ
469 1533 514 1567 tu
533 1541 640 1567 nunc
657 1530 693 1567 si
708 1528 818 1567 forte
834 1540 1002 1580 eumpse
1013 1526 1275 1567 Charmidem
1287 1539 1383 1565 con-

718 1594 904 1646 spexeris
1313 1597 1383 1632 950

107 1650 224 1699 illum
242 1673 362 1712 quem
378 1661 455 1699 tibi
470 1661 569 1699 istas
586 1658 752 1698 dedisse
769 1661 1049 1698 cdnmemoras
1065 1657 1276 1711 epistulas,

108 1725 283 1765 Ndrisne
319 1726 556 1765 hominem?
608 1725 687 1766 SV.
730 1725 792 1764 Ne
824 1730 869 1764 tu
899 1738 963 1763 me
994 1723 1146 1777 edepol
1178 1725 1382 1763 Arbitrare

715 1789 893 1841 beluam,

109 1856 186 1905 Qui
217 1855 382 1907 quidem
415 1869 498 1894 non
520 1858 684 1895 nouisse
708 1857 862 1909 possim
893 1857 1052 1908 quicum
1082 1859 1258 1894 aetatem
1288 1855 1382 1893 exe—

708 1923 849 1973 gerim.

110 1974 172 2025 Ᾰῐι
196 1984 269 2025 ille
293 1990 375 2024 tam
399 1990 512 2025 esset
534 1986 685 2027 stultus
709 1989 809 2026 mihi
837 1988 906 2038 qui
930 1986 1045 2027 mille
1065 1999 1271 2026 nummum
1291 1987 1380 2025 cre-

717 2053 838 2092 deret

109 2114 365 2168 Philippum,
396 2115 506 2168 quod
528 2129 592 2155 me
623 2118 764 2156 aurum
796 2118 963 2156 deferre
992 2117 1112 2156 iussit
1141 2115 1192 2155 ad
1216 2116 1380 2168 gnatum

716 2196 831 2221 suum
1311 2188 1379 2222 955

112 2233 247 2300 Atque
278 2245 328 2286 ad
358 2247 529 2286 amicum
547 2247 784 2299 calliclem,
815 2249 912 2300 quoi
934 2261 1023 2288 rem
1044 2247 1153 2288 aibat
1168 2247 1380 2286 mandasse

716 2314 784 2352 hic
800 2313 941 2352 suam?
