1511 2502
85 118 346 155 1111410—32
489 106 947 148 CVRCVLIO.
1275 107 1357 150 149

143 222 226 263 CA.
260 221 378 273 Qudd
393 221 454 260 fui
469 221 646 269 iuratus,
677 219 771 258 feci.
813 219 903 258 ΤΗ.
925 219 1088 258 Reddin
1108 234 1158 260 an
1176 234 1257 260 non
1273 223 1355 261 uir·

690 285 825 335 ginem

142 353 260 391 Prius
277 363 394 403 quam
409 357 450 389 te
466 350 561 389 huic
577 349 691 388 meae
708 350 948 389 machaerae
966 351 1114 402 dbicio,
1139 353 1354 404 mastigia?

140 418 222 456 CA.
233 415 438 468 Vapulare
449 428 524 466 ego
536 416 578 454 te
589 416 858 454 uehementer
870 417 1014 455 iiibeo:
1031 429 1083 455 ne
1094 429 1158 456 me
1170 418 1351 457 tc'rrites.

137 472 209 521 illa
225 480 456 519 abductast:
485 484 528 519 tu
544 481 735 519 auferere
751 481 847 520 hinc
863 484 885 519 a
903 494 967 519 me
983 482 1017 520 si
1032 483 1181 534 perges
1197 483 1296 521 mihi

137 545 251 586 Male
266 545 379 596 loqui
395 546 598 598 profecto,
618 547 712 597 quoi
729 558 804 597 ego
822 547 902 584 nisi
919 545 1068 584 malum
1083 546 1142 585 nil
1159 546 1347 587 dehibeo.

139 611 227 650 ΤΗ.
253 611 387 650 Mihin
410 609 559 650 malum
579 612 800 650 minitare?
843 612 925 650 CA.
951 612 1087 663 Atque
1105 611 1254 664 edepol
1270 615 1349 651 ndu

685 678 916 728 minitab0r‚
937 679 1001 716 set
1017 677 1135 728 dabo,
1283 684 1348 719 571

136 743 241 782 Mihi
255 745 288 782 si
298 756 447 796 perges
459 743 549 782 esse
560 742 765 782 molestus.
794 743 884 783 ΤΗ.
902 743 1015 781 Leno
1028 744 1239 782 minitatur
1250 744 1348 782 mihi

137 808 339 861 Meaeque
355 822 514 862 pugnae
530 808 755 861 proeliares
771 808 982 861 plurumae
994 811 1172 862 optritae
1184 810 1348 848 iacent?

137 863 191 913 A't
206 876 262 914 ita
280 888 344 914 me
360 876 573 915 machaera
590 881 632 914 et
647 875 814 928 clupeus
887 875 906 896 *
979 874 998 896 *
1070 875 1090 896 *
1166 879 1184 898 *
1280 882 1348 916 574

133 939 245 978 Be‘ne
263 941 404 980 iuuent
420 943 667 993 pugnantem
681 942 723 979 in
741 942 845 979 acie:
865 942 943 979 nisi
954 942 1008 980 mi
1019 943 1134 992 uirgo
1146 940 1348 991 redditur,

133 1005 213 1044 Iam
230 1006 304 1057 ego
321 1010 363 1044 te
376 1006 519 1045 faciam
532 1010 577 1044 ut
589 1007 656 1044 hic
667 1006 862 1045 formicae
873 1005 1129 1045 frustillatim
1140 1005 1345 1046 differant.

137 1071 218 1110 CA.
253 1060 305 1110 At
330 1073 384 1110 ita
409 1084 523 1110 meae
549 1071 748 1111 uolsellae
771 1076 921 1124 pecten
952 1072 1159 1125 speculum
1186 1070 1348 1109 calami-

687 1139 817 1176 strum
832 1150 966 1176 meum

132 1202 243 1242 Be‘ne
260 1215 324 1242 me
341 1204 531 1242 amassint
546 1204 716 1254 meaque
734 1204 859 1243 axicia
872 1203 1127 1255 linteumque
1149 1204 1346 1253 extersui‚

134 1257 190 1305 {ft
212 1280 286 1319 ego
310 1273 379 1307 tua
403 1269 613 1319 magnifica
636 1270 762 1308 uerba
783 1271 917 1321 neque
946 1271 1045 1308 istas
1069 1275 1157 1309 tuas
1183 1272 1346 1321 magmis

683 1336 808 1373 minas

135 1398 222 1436 Nun
246 1397 374 1450 pluris
400 1399 505 1438 facid
530 1412 646 1450 quam
671 1399 858 1438 ancillam
881 1399 1010 1439 meam
1028 1412 1130 1452 quae
1153 1399 1343 1438 latrinam

676 1465 797 1505 lauat.
1278 1471 1346 1505 580

134 1519 218 1580 Ego
241 1529 351 1569 illam
375 1530 538 1569 reddidi
562 1529 632 1582 [ei]
651 1532 719 1582 qui
743 1536 954 1582 argentum
973 1545 993 1569 a
1010 1536 1052 1569 te
1069 1530 1217 1570 attulit.
1251 1531 1340 1569 ΤΗ.

683 1596 781 1645 Quis
798 1597 831 1634 is
850 1597 911 1634 est
925 1597 1044 1635 homo
1059 1597 1078 1634 ’.ἓ

131 1658 212 1697 CA.
254 1659 383 1699 Tuum
416 1658 612 1700 libertum
649 1662 739 1700 sese
777 1663 910 1700 aiebat
951 1664 1040 1701 esse
1072 1662 1340 1701 Summanum.

680 1727 769 1766 TH
801 1728 967 1766 Meum.
952 1728 972 1754 ‘²

132 1789 258 1838 Anat,
275 1789 467 1829 Curculio
484 1791 626 1831 hercle
642 1794 769 1830 uerba
786 1793 884 1831 mihi
901 1792 1028 1843 dedit,
1047 1806 1168 1844 quom
1184 1793 1339 1842 edgito.

127 1843 165 1890 ls
182 1854 280 1892 mihi
295 1854 458 1895 anuliim
468 1859 694 1910 subrupuit.
728 1859 810 1898 CA.
829 1858 1083 1897 Perdidistin
1094 1864 1137 1896 tu
1149 1858 1342 1897 anulum?

129 1916 251 1956 Miles
268 1918 411 1970 pulcre
425 1923 676 1962 centuriatus
689 1925 751 1962 est
761 1928 962 1976 expuncto
979 1925 1021 1962 in
1037 1923 1254 1976 manipulo.
1274 1929 1341 1963 585

131 1982 220 2021 ΤΗ
243 1985 323 2023 Vbi
339 1998 443 2025 nunc
460 1988 776 2029 Curculidnem'
765 1991 994 2029 inueniam.
980 1990 999 2016 ’ἶ
1041 1991 1122 2030 CA
1143 1991 1187 2028 In
1203 1991 1340 2028 tritico

668 2055 874 2095 facillume

126 2112 205 2173 Vel
223 2115 466 2166 quingentos
482 2119 740 2160 curculiones
758 2135 831 2174 pro
850 2123 929 2161 lino
947 2121 1036 2160 faxo
1055 2123 1254 2174 reperies.

124 2179 211 2228 Ego
228 2180 351 2219 abeo:
379 2182 469 2221 uale
489 2186 608 2235 atque
626 2184 752 2226 salue.
785 2187 876 2226 ΤΗ.
899 2186 1010 2226 Male
1027 2186 1143 2237 uale,
1168 2184 1271 2224 male
1289 2187 1341 2223 sit

674 2252 762 2291 tibi.
