<?xml version="1.0" encoding="UTF-8"?>
<!DOCTYPE html PUBLIC "-//W3C//DTD XHTML 1.0 Transitional//EN"
    "http://www.w3.org/TR/xhtml1/DTD/xhtml1-transitional.dtd">
<html xmlns="http://www.w3.org/1999/xhtml" xml:lang="en" lang="en">
 <head>
  <title>
</title>
<meta http-equiv="Content-Type" content="text/html;charset=utf-8" />
  <meta name='ocr-system' content='tesseract 3.04.00' />
  <meta name='ocr-capabilities' content='ocr_page ocr_carea ocr_par ocr_line ocrx_word'/>
</head>
<body>
  <div class='ocr_page' id='page_1' title='image "./comoediae0102plauuoft_0128.png"; bbox 0 0 1511 2502; ppageno 0'>
   <div class='ocr_carea' id='block_1_1' title="bbox 145 144 1417 191">
    <p class='ocr_par' dir='ltr' id='par_1_1' title="bbox 145 144 1417 191">
     <span class='ocr_line' id='line_1_1' title="bbox 145 144 1417 191; baseline 0.006 -9"><span class='ocrx_word' id='word_1_1' title='bbox 145 144 201 183; x_wconf 71' lang='lat'>94</span> <span class='ocrx_word' id='word_1_2' title='bbox 631 144 938 184; x_wconf 83' lang='lat' dir='ltr'>PLAVTI</span> <span class='ocrx_word' id='word_1_3' title='bbox 1129 155 1417 191; x_wconf 75' lang='lat'>111497—-114</span> 
     </span>
    </p>
   </div>
   <div class='ocr_carea' id='block_1_2' title="bbox 190 256 1417 2330">
    <p class='ocr_par' dir='ltr' id='par_1_2' title="bbox 203 256 1416 374">
     <span class='ocr_line' id='line_1_2' title="bbox 203 256 1415 306; baseline 0.002 -12"><span class='ocrx_word' id='word_1_4' title='bbox 203 257 281 306; x_wconf 79' lang='lat' dir='ltr'>Qui</span> <span class='ocrx_word' id='word_1_5' title='bbox 315 256 356 294; x_wconf 76' lang='lat' dir='ltr'>id</span> <span class='ocrx_word' id='word_1_6' title='bbox 385 262 464 294; x_wconf 88' lang='lat' dir='ltr'>tam</span> <span class='ocrx_word' id='word_1_7' title='bbox 496 256 689 295; x_wconf 81' lang='lat' dir='ltr'>audacter</span> <span class='ocrx_word' id='word_1_8' title='bbox 721 256 859 295; x_wconf 83' lang='lat' dir='ltr'>dicere</span> <span class='ocrx_word' id='word_1_9' title='bbox 893 257 1048 296; x_wconf 71' lang='lat' dir='ltr'>audes?</span> <span class='ocrx_word' id='word_1_10' title='bbox 1113 259 1196 296; x_wconf 71' lang='lat' dir='ltr'>AB„</span> <span class='ocrx_word' id='word_1_11' title='bbox 1236 259 1415 297; x_wconf 68' lang='lat' dir='ltr'>Puerum</span> 
     </span>
     <span class='ocr_line' id='line_1_3' title="bbox 755 321 1416 374; baseline 0.005 -15"><span class='ocrx_word' id='word_1_12' title='bbox 755 327 797 359; x_wconf 83' lang='lat' dir='ltr'>te</span> <span class='ocrx_word' id='word_1_13' title='bbox 826 321 911 359; x_wconf 84' lang='lat' dir='ltr'>uidi</span> <span class='ocrx_word' id='word_1_14' title='bbox 940 335 1055 374; x_wconf 84' lang='lat' dir='ltr'>puer.</span> <span class='ocrx_word' id='word_1_15' title='bbox 1347 328 1416 362; x_wconf 82' lang='lat'>630</span> 
     </span>
    </p>

    <p class='ocr_par' dir='ltr' id='par_1_3' title="bbox 201 375 1377 438">
     <span class='ocr_line' id='line_1_4' title="bbox 201 375 1377 438; baseline 0.002 -14"><span class='ocrx_word' id='word_1_16' title='bbox 201 386 289 424; x_wconf 90' lang='lat' dir='ltr'>TY.</span> <span class='ocrx_word' id='word_1_17' title='bbox 321 375 375 426; x_wconf 68' lang='lat' dir='ltr'>At</span> <span class='ocrx_word' id='word_1_18' title='bbox 394 400 468 438; x_wconf 83' lang='lat' dir='ltr'>ego</span> <span class='ocrx_word' id='word_1_19' title='bbox 485 392 526 426; x_wconf 90' lang='lat' dir='ltr'>te</span> <span class='ocrx_word' id='word_1_20' title='bbox 543 388 738 425; x_wconf 78' lang='lat' dir='ltr'>maiorem</span> <span class='ocrx_word' id='word_1_21' title='bbox 750 386 872 425; x_wconf 83' lang='lat' dir='ltr'>uideo</span> <span class='ocrx_word' id='word_1_22' title='bbox 891 389 1038 426; x_wconf 77' lang='lat' dir='ltr'>maior:</span> <span class='ocrx_word' id='word_1_23' title='bbox 1066 400 1117 426; x_wconf 92' lang='lat' dir='ltr'>en</span> <span class='ocrx_word' id='word_1_24' title='bbox 1135 388 1273 425; x_wconf 73' lang='lat' dir='ltr'>rusum</span> <span class='ocrx_word' id='word_1_25' title='bbox 1290 388 1377 426; x_wconf 74' lang='lat' dir='ltr'>tibi.</span> 
     </span>
    </p>

    <p class='ocr_par' dir='ltr' id='par_1_4' title="bbox 199 451 1413 555">
     <span class='ocr_line' id='line_1_5' title="bbox 199 451 1413 504; baseline 0 -14"><span class='ocrx_word' id='word_1_26' title='bbox 199 451 338 490; x_wconf 57' lang='lat' dir='ltr'>Meam</span> <span class='ocrx_word' id='word_1_27' title='bbox 362 464 450 490; x_wconf 88' lang='lat' dir='ltr'>rem</span> <span class='ocrx_word' id='word_1_28' title='bbox 476 465 558 491; x_wconf 91' lang='lat' dir='ltr'>non</span> <span class='ocrx_word' id='word_1_29' title='bbox 575 453 706 502; x_wconf 76' lang='lat' dir='ltr'>cures,</span> <span class='ocrx_word' id='word_1_30' title='bbox 737 454 770 490; x_wconf 89' lang='lat' dir='ltr'>si</span> <span class='ocrx_word' id='word_1_31' title='bbox 797 458 913 490; x_wconf 85' lang='lat' dir='ltr'>recte</span> <span class='ocrx_word' id='word_1_32' title='bbox 937 453 1082 492; x_wconf 69' lang='lat' dir='ltr'>facias:</span> <span class='ocrx_word' id='word_1_33' title='bbox 1112 467 1207 491; x_wconf 91' lang='lat' dir='ltr'>num</span> <span class='ocrx_word' id='word_1_34' title='bbox 1224 465 1298 504; x_wconf 80' lang='lat' dir='ltr'>ego</span> <span class='ocrx_word' id='word_1_35' title='bbox 1317 453 1413 490; x_wconf 78' lang='lat' dir='ltr'>curo</span> 
     </span>
     <span class='ocr_line' id='line_1_6' title="bbox 755 518 894 555; baseline 0 0"><span class='ocrx_word' id='word_1_36' title='bbox 755 518 894 555; x_wconf 71' lang='lat' dir='ltr'>tuam?</span> 
     </span>
    </p>

    <p class='ocr_par' dir='ltr' id='par_1_5' title="bbox 199 582 1417 685">
     <span class='ocr_line' id='line_1_7' title="bbox 199 582 1417 635; baseline -0.001 -13"><span class='ocrx_word' id='word_1_37' title='bbox 199 585 285 622; x_wconf 83' lang='lat' dir='ltr'>HE.</span> <span class='ocrx_word' id='word_1_38' title='bbox 343 584 494 622; x_wconf 69' lang='lat' dir='ltr'>Fuitne</span> <span class='ocrx_word' id='word_1_39' title='bbox 525 584 619 621; x_wconf 91' lang='lat' dir='ltr'>huic</span> <span class='ocrx_word' id='word_1_40' title='bbox 655 584 772 634; x_wconf 75' lang='lat' dir='ltr'>pater</span> <span class='ocrx_word' id='word_1_41' title='bbox 802 582 1417 635; x_wconf 69' lang='lat' dir='ltr'>Thensaurochrysonicochry-</span> 
     </span>
     <span class='ocr_line' id='line_1_8' title="bbox 755 647 895 685; baseline -0.007 0"><span class='ocrx_word' id='word_1_42' title='bbox 755 647 895 685; x_wconf 72' lang='lat' dir='ltr'>sides?</span> 
     </span>
    </p>

    <p class='ocr_par' dir='ltr' id='par_1_6' title="bbox 196 713 1413 817">
     <span class='ocr_line' id='line_1_9' title="bbox 196 713 1413 764; baseline 0.001 -13"><span class='ocrx_word' id='word_1_43' title='bbox 196 714 280 751; x_wconf 88' lang='lat' dir='ltr'>AR.</span> <span class='ocrx_word' id='word_1_44' title='bbox 325 713 415 752; x_wconf 76' lang='lat' dir='ltr'>Non</span> <span class='ocrx_word' id='word_1_45' title='bbox 435 714 532 751; x_wconf 88' lang='lat' dir='ltr'>fuit:</span> <span class='ocrx_word' id='word_1_46' title='bbox 562 724 698 764; x_wconf 85' lang='lat' dir='ltr'>neque</span> <span class='ocrx_word' id='word_1_47' title='bbox 724 724 798 762; x_wconf 82' lang='lat' dir='ltr'>ego</span> <span class='ocrx_word' id='word_1_48' title='bbox 823 714 927 750; x_wconf 84' lang='lat' dir='ltr'>istuc</span> <span class='ocrx_word' id='word_1_49' title='bbox 950 725 1098 750; x_wconf 91' lang='lat' dir='ltr'>nomen</span> <span class='ocrx_word' id='word_1_50' title='bbox 1132 714 1316 764; x_wconf 64' lang='lat' dir='ltr'>umquam</span> <span class='ocrx_word' id='word_1_51' title='bbox 1346 727 1413 752; x_wconf 90' lang='lat' dir='ltr'>au-</span> 
     </span>
     <span class='ocr_line' id='line_1_10' title="bbox 753 777 1219 817; baseline 0.009 -4"><span class='ocrx_word' id='word_1_52' title='bbox 753 777 838 815; x_wconf 83' lang='lat' dir='ltr'>diui</span> <span class='ocrx_word' id='word_1_53' title='bbox 859 782 952 815; x_wconf 89' lang='lat' dir='ltr'>ante</span> <span class='ocrx_word' id='word_1_54' title='bbox 971 778 1080 815; x_wconf 74' lang='lat' dir='ltr'>hunc</span> <span class='ocrx_word' id='word_1_55' title='bbox 1101 778 1219 817; x_wconf 82' lang='lat' dir='ltr'>diem.</span> 
     </span>
    </p>

    <p class='ocr_par' dir='ltr' id='par_1_7' title="bbox 198 841 1414 959">
     <span class='ocr_line' id='line_1_11' title="bbox 198 841 1414 896; baseline 0.002 -13"><span class='ocrx_word' id='word_1_56' title='bbox 198 844 426 883; x_wconf 70' lang='lat' dir='ltr'>Philocrati</span> <span class='ocrx_word' id='word_1_57' title='bbox 460 843 825 883; x_wconf 78' lang='lat' dir='ltr'>T11eod6r0medes</span> <span class='ocrx_word' id='word_1_58' title='bbox 858 841 936 882; x_wconf 64' lang='lat' dir='ltr'>fixit</span> <span class='ocrx_word' id='word_1_59' title='bbox 968 849 1098 896; x_wconf 89' lang='lat' dir='ltr'>pater.</span> <span class='ocrx_word' id='word_1_60' title='bbox 1157 845 1244 884; x_wconf 88' lang='lat' dir='ltr'>TY.</span> <span class='ocrx_word' id='word_1_61' title='bbox 1279 847 1414 885; x_wconf 75' lang='lat' dir='ltr'>Pereo</span> 
     </span>
     <span class='ocr_line' id='line_1_12' title="bbox 751 910 1414 959; baseline 0.006 -14"><span class='ocrx_word' id='word_1_62' title='bbox 751 910 892 959; x_wconf 87' lang='lat' dir='ltr'>probe.</span> <span class='ocrx_word' id='word_1_63' title='bbox 1347 916 1414 951; x_wconf 79' lang='lat'>635</span> 
     </span>
    </p>

    <p class='ocr_par' dir='ltr' id='par_1_8' title="bbox 194 973 1414 1027">
     <span class='ocr_line' id='line_1_13' title="bbox 194 973 1414 1027; baseline 0.002 -15"><span class='ocrx_word' id='word_1_64' title='bbox 194 976 300 1023; x_wconf 80' lang='lat' dir='ltr'>Quin</span> <span class='ocrx_word' id='word_1_65' title='bbox 311 975 487 1026; x_wconf 81' lang='lat' dir='ltr'>quiescis</span> <span class='ocrx_word' id='word_1_66' title='bbox 498 975 517 1011; x_wconf 77' lang='lat'>‘3</span> <span class='ocrx_word' id='word_1_67' title='bbox 530 974 573 1025; x_wconf 87' lang='grc' dir='ltr'><strong>[ι’]</strong></span> <span class='ocrx_word' id='word_1_68' title='bbox 585 973 826 1023; x_wconf 76' lang='lat' dir='ltr'>dierectum,</span> <span class='ocrx_word' id='word_1_69' title='bbox 839 975 909 1012; x_wconf 79' lang='lat' dir='ltr'>cor</span> <span class='ocrx_word' id='word_1_70' title='bbox 920 986 1067 1024; x_wconf 76' lang='lat' dir='ltr'>meum,</span> <span class='ocrx_word' id='word_1_71' title='bbox 1079 987 1123 1012; x_wconf 87' lang='lat' dir='ltr'>ac</span> <span class='ocrx_word' id='word_1_72' title='bbox 1133 974 1336 1027; x_wconf 72' lang='lat' dir='ltr'>suspende</span> <span class='ocrx_word' id='word_1_73' title='bbox 1348 980 1414 1014; x_wconf 85' lang='lat' dir='ltr'>te:</span> 
     </span>
    </p>

    <p class='ocr_par' dir='ltr' id='par_1_9' title="bbox 199 1039 1385 1091">
     <span class='ocr_line' id='line_1_14' title="bbox 199 1039 1385 1091; baseline 0.002 -14"><span class='ocrx_word' id='word_1_74' title='bbox 199 1040 265 1078; x_wconf 90' lang='grc' dir='ltr'>Τιί</span> <span class='ocrx_word' id='word_1_75' title='bbox 290 1039 514 1091; x_wconf 82' lang='lat' dir='ltr'>supsultas,</span> <span class='ocrx_word' id='word_1_76' title='bbox 547 1040 620 1090; x_wconf 75' lang='lat' dir='ltr'>ego</span> <span class='ocrx_word' id='word_1_77' title='bbox 651 1040 776 1077; x_wconf 88' lang='lat' dir='ltr'>miser</span> <span class='ocrx_word' id='word_1_78' title='bbox 804 1040 871 1077; x_wconf 84' lang='lat' dir='ltr'>uix</span> <span class='ocrx_word' id='word_1_79' title='bbox 905 1042 991 1077; x_wconf 78' lang='lat' dir='ltr'>asto</span> <span class='ocrx_word' id='word_1_80' title='bbox 1021 1052 1120 1091; x_wconf 88' lang='lat' dir='ltr'>prae</span> <span class='ocrx_word' id='word_1_81' title='bbox 1153 1040 1385 1079; x_wconf 77' lang='lat' dir='ltr'>formidine.</span> 
     </span>
    </p>

    <p class='ocr_par' dir='ltr' id='par_1_10' title="bbox 197 1103 1411 1207">
     <span class='ocr_line' id='line_1_15' title="bbox 197 1103 1411 1155; baseline 0.001 -13"><span class='ocrx_word' id='word_1_82' title='bbox 197 1105 285 1143; x_wconf 85' lang='lat' dir='ltr'>HE.</span> <span class='ocrx_word' id='word_1_83' title='bbox 318 1105 430 1142; x_wconf 77' lang='lat' dir='ltr'>Satin</span> <span class='ocrx_word' id='word_1_84' title='bbox 457 1106 561 1142; x_wconf 88' lang='lat' dir='ltr'>istuc</span> <span class='ocrx_word' id='word_1_85' title='bbox 589 1105 688 1143; x_wconf 88' lang='lat' dir='ltr'>mihi</span> <span class='ocrx_word' id='word_1_86' title='bbox 719 1105 1002 1155; x_wconf 75' lang='lat' dir='ltr'>exquisitumst</span> <span class='ocrx_word' id='word_1_87' title='bbox 1030 1103 1156 1143; x_wconf 68' lang='lat' dir='ltr'>fuisse</span> <span class='ocrx_word' id='word_1_88' title='bbox 1186 1106 1293 1144; x_wconf 90' lang='lat' dir='ltr'>hunc</span> <span class='ocrx_word' id='word_1_89' title='bbox 1324 1117 1411 1143; x_wconf 88' lang='lat' dir='ltr'>ser-</span> 
     </span>
     <span class='ocr_line' id='line_1_16' title="bbox 754 1158 1067 1207; baseline 0.003 -1"><span class='ocrx_word' id='word_1_90' title='bbox 754 1182 846 1206; x_wconf 91' lang='lat' dir='ltr'>uom</span> <span class='ocrx_word' id='word_1_91' title='bbox 871 1170 912 1205; x_wconf 89' lang='lat' dir='ltr'>in</span> <span class='ocrx_word' id='word_1_92' title='bbox 944 1158 1067 1207; x_wconf 69' lang='lat' dir='ltr'>Alide</span> 
     </span>
    </p>

    <p class='ocr_par' dir='ltr' id='par_1_11' title="bbox 196 1234 1414 1353">
     <span class='ocr_line' id='line_1_17' title="bbox 196 1234 1413 1286; baseline 0.001 -13"><span class='ocrx_word' id='word_1_93' title='bbox 196 1235 340 1286; x_wconf 82' lang='lat' dir='ltr'>Neque</span> <span class='ocrx_word' id='word_1_94' title='bbox 360 1247 450 1273; x_wconf 90' lang='lat' dir='ltr'>esse</span> <span class='ocrx_word' id='word_1_95' title='bbox 471 1236 577 1273; x_wconf 90' lang='lat' dir='ltr'>hunc</span> <span class='ocrx_word' id='word_1_96' title='bbox 595 1234 902 1273; x_wconf 74' lang='lat' dir='ltr'>Philocratem?</span> <span class='ocrx_word' id='word_1_97' title='bbox 939 1235 1022 1272; x_wconf 81' lang='lat' dir='ltr'><strong>AR..</strong></span> <span class='ocrx_word' id='word_1_98' title='bbox 1054 1235 1156 1273; x_wconf 86' lang='lat' dir='ltr'>Tam</span> <span class='ocrx_word' id='word_1_99' title='bbox 1174 1236 1271 1273; x_wconf 91' lang='lat' dir='ltr'>satis</span> <span class='ocrx_word' id='word_1_100' title='bbox 1294 1249 1413 1286; x_wconf 88' lang='lat' dir='ltr'>quam</span> 
     </span>
     <span class='ocr_line' id='line_1_18' title="bbox 749 1302 1414 1353; baseline 0.003 -14"><span class='ocrx_word' id='word_1_101' title='bbox 749 1303 966 1353; x_wconf 76' lang='lat' dir='ltr'>numquam</span> <span class='ocrx_word' id='word_1_102' title='bbox 988 1302 1065 1339; x_wconf 91' lang='lat' dir='ltr'>hoc</span> <span class='ocrx_word' id='word_1_103' title='bbox 1080 1302 1267 1340; x_wconf 78' lang='lat' dir='ltr'>inuenies</span> <span class='ocrx_word' id='word_1_104' title='bbox 1284 1315 1414 1341; x_wconf 72' lang='lat' dir='ltr'>secus,</span> 
     </span>
    </p>

    <p class='ocr_par' dir='ltr' id='par_1_12' title="bbox 197 1357 1414 1474">
     <span class='ocr_line' id='line_1_19' title="bbox 197 1357 1414 1421; baseline 0.002 -16"><span class='ocrx_word' id='word_1_105' title='bbox 197 1368 269 1405; x_wconf 73' lang='lat' dir='ltr'>set</span> <span class='ocrx_word' id='word_1_106' title='bbox 286 1368 353 1405; x_wconf 86' lang='lat' dir='ltr'>ubi</span> <span class='ocrx_word' id='word_1_107' title='bbox 374 1367 407 1404; x_wconf 87' lang='lat' dir='ltr'>is</span> <span class='ocrx_word' id='word_1_108' title='bbox 424 1379 529 1405; x_wconf 89' lang='lat' dir='ltr'>nunc</span> <span class='ocrx_word' id='word_1_109' title='bbox 547 1368 638 1405; x_wconf 76' lang='lat' dir='ltr'>est?</span> <span class='ocrx_word' id='word_1_110' title='bbox 669 1368 755 1406; x_wconf 89' lang='lat' dir='ltr'>HE.</span> <span class='ocrx_word' id='word_1_111' title='bbox 779 1357 859 1406; x_wconf 63' lang='lat' dir='ltr'>Vbi</span> <span class='ocrx_word' id='word_1_112' title='bbox 877 1380 951 1418; x_wconf 83' lang='lat' dir='ltr'>ego</span> <span class='ocrx_word' id='word_1_113' title='bbox 969 1368 1146 1406; x_wconf 86' lang='lat' dir='ltr'>minume</span> <span class='ocrx_word' id='word_1_114' title='bbox 1165 1373 1286 1420; x_wconf 89' lang='lat' dir='ltr'>atque</span> <span class='ocrx_word' id='word_1_115' title='bbox 1305 1372 1414 1421; x_wconf 78' lang='lat' dir='ltr'>ipsus</span> 
     </span>
     <span class='ocr_line' id='line_1_20' title="bbox 747 1433 1411 1474; baseline 0.003 -2"><span class='ocrx_word' id='word_1_116' title='bbox 747 1446 790 1472; x_wconf 89' lang='lat' dir='ltr'>se</span> <span class='ocrx_word' id='word_1_117' title='bbox 808 1433 894 1472; x_wconf 91' lang='lat' dir='ltr'>uolt</span> <span class='ocrx_word' id='word_1_118' title='bbox 913 1436 1106 1472; x_wconf 63' lang='lat' dir='ltr'>mdxume.</span> <span class='ocrx_word' id='word_1_119' title='bbox 1341 1441 1411 1474; x_wconf 65' lang='lat'>640</span> 
     </span>
    </p>

    <p class='ocr_par' dir='ltr' id='par_1_13' title="bbox 195 1497 1412 1549">
     <span class='ocr_line' id='line_1_21' title="bbox 195 1497 1412 1549; baseline 0.002 -14"><span class='ocrx_word' id='word_1_120' title='bbox 195 1498 299 1536; x_wconf 85' lang='lat' dir='ltr'>Tum</span> <span class='ocrx_word' id='word_1_121' title='bbox 324 1499 447 1547; x_wconf 78' lang='lat' dir='ltr'>igitur</span> <span class='ocrx_word' id='word_1_122' title='bbox 474 1509 548 1547; x_wconf 80' lang='lat' dir='ltr'>ego</span> <span class='ocrx_word' id='word_1_123' title='bbox 576 1497 888 1549; x_wconf 61' lang='lat' dir='ltr'>deruncinatus,</span> <span class='ocrx_word' id='word_1_124' title='bbox 921 1497 1157 1537; x_wconf 74' lang='lat' dir='ltr'>deartuatus</span> <span class='ocrx_word' id='word_1_125' title='bbox 1177 1500 1265 1537; x_wconf 74' lang='lat' dir='ltr'>sum</span> <span class='ocrx_word' id='word_1_126' title='bbox 1286 1501 1412 1541; x_wconf 83' lang='lat' dir='ltr'>miser</span> 
     </span>
    </p>

    <p class='ocr_par' dir='ltr' id='par_1_14' title="bbox 195 1561 1414 1666">
     <span class='ocr_line' id='line_1_22' title="bbox 195 1561 1414 1614; baseline 0.002 -13"><span class='ocrx_word' id='word_1_127' title='bbox 195 1562 323 1601; x_wconf 77' lang='lat' dir='ltr'>Huius</span> <span class='ocrx_word' id='word_1_128' title='bbox 345 1561 514 1601; x_wconf 91' lang='lat' dir='ltr'>scelesti</span> <span class='ocrx_word' id='word_1_129' title='bbox 539 1563 721 1611; x_wconf 71' lang='lat' dir='ltr'>technis,</span> <span class='ocrx_word' id='word_1_130' title='bbox 757 1566 825 1614; x_wconf 77' lang='lat' dir='ltr'>qui</span> <span class='ocrx_word' id='word_1_131' title='bbox 841 1576 905 1601; x_wconf 89' lang='lat' dir='ltr'>me</span> <span class='ocrx_word' id='word_1_132' title='bbox 924 1568 968 1601; x_wconf 84' lang='lat' dir='ltr'>ut</span> <span class='ocrx_word' id='word_1_133' title='bbox 990 1563 1204 1602; x_wconf 67' lang='lat' dir='ltr'>lfibitumst</span> <span class='ocrx_word' id='word_1_134' title='bbox 1231 1563 1414 1603; x_wconf 76' lang='lat' dir='ltr'>ductauit.</span> 
     </span>
     <span class='ocr_line' id='line_1_23' title="bbox 752 1627 872 1666; baseline -0.008 0"><span class='ocrx_word' id='word_1_135' title='bbox 752 1627 872 1666; x_wconf 86' lang='lat' dir='ltr'>dolis.</span> 
     </span>
    </p>

    <p class='ocr_par' dir='ltr' id='par_1_15' title="bbox 194 1692 1413 1799">
     <span class='ocr_line' id='line_1_24' title="bbox 194 1692 1413 1746; baseline 0.001 -16"><span class='ocrx_word' id='word_1_136' title='bbox 194 1692 267 1730; x_wconf 74' lang='lat' dir='ltr'>set</span> <span class='ocrx_word' id='word_1_137' title='bbox 295 1692 390 1730; x_wconf 88' lang='lat' dir='ltr'>uide</span> <span class='ocrx_word' id='word_1_138' title='bbox 422 1694 487 1731; x_wconf 87' lang='lat' dir='ltr'>sis.</span> <span class='ocrx_word' id='word_1_139' title='bbox 539 1693 622 1732; x_wconf 83' lang='lat' dir='ltr'>AR.</span> <span class='ocrx_word' id='word_1_140' title='bbox 657 1694 764 1742; x_wconf 78' lang='lat' dir='ltr'>Quin</span> <span class='ocrx_word' id='word_1_141' title='bbox 794 1693 1051 1745; x_wconf 82' lang='lat' dir='ltr'>exploratum</span> <span class='ocrx_word' id='word_1_142' title='bbox 1079 1693 1169 1731; x_wconf 71' lang='lat' dir='ltr'>dsco</span> <span class='ocrx_word' id='word_1_143' title='bbox 1203 1698 1245 1732; x_wconf 88' lang='lat' dir='ltr'>et</span> <span class='ocrx_word' id='word_1_144' title='bbox 1274 1694 1413 1746; x_wconf 86' lang='lat' dir='ltr'>proui-</span> 
     </span>
     <span class='ocr_line' id='line_1_25' title="bbox 747 1760 1059 1799; baseline 0.003 -2"><span class='ocrx_word' id='word_1_145' title='bbox 747 1772 834 1797; x_wconf 89' lang='lat' dir='ltr'>sum</span> <span class='ocrx_word' id='word_1_146' title='bbox 863 1760 940 1797; x_wconf 76' lang='lat' dir='ltr'>hoc</span> <span class='ocrx_word' id='word_1_147' title='bbox 972 1760 1059 1799; x_wconf 91' lang='lat' dir='ltr'>tibi.</span> 
     </span>
    </p>

    <p class='ocr_par' dir='ltr' id='par_1_16' title="bbox 193 1824 1414 1939">
     <span class='ocr_line' id='line_1_26' title="bbox 193 1824 1414 1875; baseline 0.002 -13"><span class='ocrx_word' id='word_1_148' title='bbox 193 1825 282 1862; x_wconf 82' lang='lat' dir='ltr'>HE.</span> <span class='ocrx_word' id='word_1_149' title='bbox 314 1824 499 1862; x_wconf 78' lang='lat' dir='ltr'>Ce&#39;rton?</span> <span class='ocrx_word' id='word_1_150' title='bbox 539 1824 622 1864; x_wconf 74' lang='lat' dir='ltr'>AR.</span> <span class='ocrx_word' id='word_1_151' title='bbox 654 1825 759 1873; x_wconf 76' lang='lat' dir='ltr'>Quin</span> <span class='ocrx_word' id='word_1_152' title='bbox 777 1824 894 1874; x_wconf 83' lang='lat' dir='ltr'>nihil,</span> <span class='ocrx_word' id='word_1_153' title='bbox 919 1826 1095 1875; x_wconf 78' lang='lat' dir='ltr'>inquam,</span> <span class='ocrx_word' id='word_1_154' title='bbox 1119 1825 1307 1863; x_wconf 89' lang='lat' dir='ltr'>inuenies</span> <span class='ocrx_word' id='word_1_155' title='bbox 1329 1829 1414 1864; x_wconf 69' lang='lat' dir='ltr'>ma-</span> 
     </span>
     <span class='ocr_line' id='line_1_27' title="bbox 747 1889 1249 1939; baseline 0.002 -13"><span class='ocrx_word' id='word_1_156' title='bbox 747 1891 806 1939; x_wconf 79' lang='lat' dir='ltr'>gis</span> <span class='ocrx_word' id='word_1_157' title='bbox 830 1890 907 1926; x_wconf 86' lang='lat' dir='ltr'>hoc</span> <span class='ocrx_word' id='word_1_158' title='bbox 936 1894 1049 1926; x_wconf 86' lang='lat' dir='ltr'>certo</span> <span class='ocrx_word' id='word_1_159' title='bbox 1077 1889 1249 1927; x_wconf 73' lang='lat' dir='ltr'>certius:</span> 
     </span>
    </p>

    <p class='ocr_par' dir='ltr' id='par_1_17' title="bbox 194 1952 1413 2070">
     <span class='ocr_line' id='line_1_28' title="bbox 194 1952 1411 2006; baseline 0.002 -15"><span class='ocrx_word' id='word_1_160' title='bbox 194 1953 453 1992; x_wconf 84' lang='lat' dir='ltr'>Philocrates</span> <span class='ocrx_word' id='word_1_161' title='bbox 479 1955 558 1991; x_wconf 90' lang='lat' dir='ltr'>iam</span> <span class='ocrx_word' id='word_1_162' title='bbox 582 1953 679 1991; x_wconf 88' lang='lat' dir='ltr'>inde</span> <span class='ocrx_word' id='word_1_163' title='bbox 710 1954 837 2004; x_wconf 70' lang='lat' dir='ltr'>(isque</span> <span class='ocrx_word' id='word_1_164' title='bbox 864 1954 1013 1991; x_wconf 91' lang='lat' dir='ltr'>amicus</span> <span class='ocrx_word' id='word_1_165' title='bbox 1039 1952 1114 1991; x_wconf 69' lang='lat' dir='ltr'>fuit</span> <span class='ocrx_word' id='word_1_166' title='bbox 1130 1954 1228 1992; x_wconf 88' lang='lat' dir='ltr'>mihi</span> <span class='ocrx_word' id='word_1_167' title='bbox 1245 1968 1266 1992; x_wconf 91' lang='lat' dir='ltr'>a</span> <span class='ocrx_word' id='word_1_168' title='bbox 1281 1956 1411 2006; x_wconf 77' lang='lat' dir='ltr'>puero</span> 
     </span>
     <span class='ocr_line' id='line_1_29' title="bbox 744 2026 1413 2070; baseline 0.006 -14"><span class='ocrx_word' id='word_1_169' title='bbox 744 2031 858 2070; x_wconf 82' lang='lat' dir='ltr'>puer.</span> <span class='ocrx_word' id='word_1_170' title='bbox 1343 2026 1413 2060; x_wconf 73' lang='lat'>645</span> 
     </span>
    </p>

    <p class='ocr_par' dir='ltr' id='par_1_18' title="bbox 194 2082 1411 2187">
     <span class='ocr_line' id='line_1_30' title="bbox 194 2082 1411 2133; baseline 0.004 -14"><span class='ocrx_word' id='word_1_171' title='bbox 194 2082 278 2120; x_wconf 80' lang='lat' dir='ltr'>HE.</span> <span class='ocrx_word' id='word_1_172' title='bbox 311 2082 383 2120; x_wconf 84' lang='lat' dir='ltr'>Se&#39;t</span> <span class='ocrx_word' id='word_1_173' title='bbox 415 2096 492 2133; x_wconf 86' lang='lat' dir='ltr'>qua</span> <span class='ocrx_word' id='word_1_174' title='bbox 520 2084 667 2122; x_wconf 84' lang='lat' dir='ltr'>faciest</span> <span class='ocrx_word' id='word_1_175' title='bbox 692 2084 786 2122; x_wconf 77' lang='lat' dir='ltr'>tuus</span> <span class='ocrx_word' id='word_1_176' title='bbox 816 2083 967 2122; x_wconf 86' lang='lat' dir='ltr'>sodalis</span> <span class='ocrx_word' id='word_1_177' title='bbox 992 2082 1281 2122; x_wconf 70' lang='lat' dir='ltr'>Philocrates?</span> <span class='ocrx_word' id='word_1_178' title='bbox 1324 2086 1411 2124; x_wconf 69' lang='lat' dir='ltr'>AR,</span> 
     </span>
     <span class='ocr_line' id='line_1_31' title="bbox 747 2149 1015 2187; baseline 0 0"><span class='ocrx_word' id='word_1_179' title='bbox 747 2149 888 2187; x_wconf 79' lang='lat' dir='ltr'>Dicam</span> <span class='ocrx_word' id='word_1_180' title='bbox 918 2150 1015 2187; x_wconf 92' lang='lat' dir='ltr'>tibi:</span> 
     </span>
    </p>

    <p class='ocr_par' dir='ltr' id='par_1_19' title="bbox 190 2212 1412 2330">
     <span class='ocr_line' id='line_1_32' title="bbox 190 2212 1412 2267; baseline 0.002 -14"><span class='ocrx_word' id='word_1_181' title='bbox 190 2212 417 2253; x_wconf 74' lang='lat' dir='ltr'>Macilento</span> <span class='ocrx_word' id='word_1_182' title='bbox 460 2226 553 2265; x_wconf 79' lang='lat' dir='ltr'>ore,</span> <span class='ocrx_word' id='word_1_183' title='bbox 593 2217 689 2253; x_wconf 58' lang='lat' dir='ltr'>niso</span> <span class='ocrx_word' id='word_1_184' title='bbox 728 2218 869 2265; x_wconf 82' lang='lat' dir='ltr'>acuto,</span> <span class='ocrx_word' id='word_1_185' title='bbox 914 2215 1087 2267; x_wconf 78' lang='lat' dir='ltr'>corpore</span> <span class='ocrx_word' id='word_1_186' title='bbox 1127 2213 1242 2266; x_wconf 87' lang='lat' dir='ltr'>albo,</span> <span class='ocrx_word' id='word_1_187' title='bbox 1281 2215 1412 2255; x_wconf 79' lang='lat' dir='ltr'>oculis</span> 
     </span>
     <span class='ocr_line' id='line_1_33' title="bbox 742 2279 886 2330; baseline 0 -13"><span class='ocrx_word' id='word_1_188' title='bbox 742 2279 886 2330; x_wconf 81' lang='lat' dir='ltr'>nigris,</span> 
     </span>
    </p>
   </div>
  </div>
 </body>
</html>
