1511 2502
151 138 454 173 1111113—26
576 126 998 166 TRINVMMVS.
1340 127 1421 169 311

149 240 275 280 Fidus
299 241 434 280 fuisti:
466 241 638 279 infidum
654 253 745 279 esse
764 242 927 279 iterant.
960 253 1051 278 nam
1067 242 1220 293 apsque
1238 242 1348 280 foret
1366 249 1421 292 tc,

750 307 812 343 sat
827 305 911 343 scio
929 306 969 342 in
988 303 1069 343 alto

149 373 444 412 Distraxissent
480 371 624 422 disque
664 368 857 408 tulissent
895 367 1097 408 satellites
1135 371 1195 408 tui
1228 373 1422 409 miserum

754 434 877 472 foede

148 504 341 555 Bdnaq'ue
369 504 469 541 item
499 501 632 540 omnia
656 500 734 539 [ina
756 512 913 538 mecum
938 501 1088 552 passim
1112 499 1322 539 caeruleds
1345 513 1422 552 per

754 578 936 618 campos:
965 586 1023 594 --

147 625 206 674 lta
220 635 300 673 iam
317 636 431 686 quasi
449 634 568 673 canes
592 635 672 672 hau
696 645 814 672 secus
836 645 983 671 nauem
1001 635 1318 673 circumstabant
1333 634 1421 673 tur-

752 700 846 737 bine
864 699 996 737 uenti:
1353 704 1421 741 835

145 757 301 806 imbres
329 768 559 818 fluctusque
593 769 715 817 atque
740 764 950 817 procellae
975 766 1161 804 infensae
1189 764 1420 818 [fremereb

748 831 941 881 frangere
958 830 1119 881 malum,

144 899 283 937 Ruere
300 903 510 948 antennas,
539 897 730 936 scindere
747 896 858 935 uela:
879 918 934 926 —
963 898 1007 935 ω’
1021 910 1098 949 pax
1112 898 1293 949 propitia
1308 897 1418 937 foret

750 966 929 1014 praesto.

144 1017 284 1081 Apage
302 1043 324 1067 a
339 1042 403 1068 me
421 1030 497 1068 sis:
521 1028 670 1068 dehinc
686 1030 765 1066 iam
783 1031 981 1066 certumst
997 1028 1079 1065 dtio
1098 1026 1196 1066 dare
1213 1040 1298 1066 me:
1322 1029 1419 1066 satis

752 1098 913 1146 partum
928 1093 1074 1142 habeo,

143 1158 298 1208 Quibus
315 1161 518 1199 aerumnis
536 1159 756 1210 demetam,
776 1158 867 1198 filio
885 1148 980 1196 dum
999 1157 1162 1196 diuitias
1180 1170 1346 1209 quaero,

142 1223 216 1261 Set
243 1224 331 1275 quis
354 1225 422 1263 hic
447 1229 511 1264 est
538 1226 607 1277 qui
621 1226 664 1264 in
679 1225 856 1277 plateam
872 1222 1105 1275 ingreditur
1122 1224 1212 1261 cum
1228 1236 1334 1262 nouo
1352 1236 1419 1261 or-

739 1291 836 1328 natu
854 1290 1075 1341 specieque
1086 1288 1106 1326 ‘3
1346 1294 1418 1328 840

142 1354 218 1394 ΡόΙ
256 1369 496 1408 quamquam
530 1356 639 1396 domi
673 1358 791 1409 cupio
832 1357 1044 1408 opperiar:
1084 1368 1202 1406 quam
1232 1357 1299 1393 hic
1329 1369 1417 1395 rem

743 1425 847 1472 agat,
864 1420 993 1459 semul
1004 1421 1179 1458 animum
1190 1419 1414 1461 aduortam.

404 1643 771 1682 SchPHANTA.
830 1643 1152 1683 Cflanmwsss.

195 1740 273 1781 SV.
305 1741 412 1780 Huic
436 1754 512 1793 ego
537 1742 604 1781 dje
628 1744 777 1782 nomen
801 1743 1040 1782 Trinummo
1065 1745 1194 1783 facio:
1224 1758 1315 1783 nam
1337 1757 1412 1796 ego

743 1811 909 1861 operam
924 1822 1054 1848 meam

198 1871 348 1911 TrIbus
364 1875 536 1913 nummis
551 1874 678 1913 hodie
692 1874 826 1914 locaui
843 1874 894 1913 ad
908 1877 1008 1914 artis
1024 1877 1271 1927 nugatdrias.

196 1924 382 1975 Aduenio
409 1950 457 1977 ex
483 1938 684 1990 Seleucia,
709 1940 967 1991 Macedonia,
993 1942 1090 1979 Asia
1107 1945 1228 1992 atque
1246 1930 1410 1992 Arabia,

194 2000 300 2049 Quas
326 2013 400 2052 ego
423 2015 559 2054 neque
584 2003 714 2043 oculis
738 2017 873 2056 neque
897 2005 1072 2057 pedibus
1090 2008 1278 2058 umquam
1294 2020 1412 2045 usur-

736 2072 831 2121 paui
845 2071 959 2110 meis.
1341 2074 1408 2111 845

192 2128 328 2168 Viden
345 2136 505 2181 egestas
523 2134 619 2185 quid
638 2136 779 2185 negoti
796 2135 864 2174 dat
881 2136 1036 2174 homini
1052 2137 1202 2175 miserd
1219 2136 1356 2176 male?

191 2196 293 2245 Qm'a
323 2208 398 2247 ego
428 2210 535 2237 nunc
559 2200 724 2251 subigdr
748 2202 872 2240 trium
896 2215 1101 2241 nummum
1126 2203 1246 2241 causa
1270 2209 1314 2241 ut
1337 2202 1411 2241 has

744 2267 942 2319 epistulas
