1511 2502
185 112 214 144 X
616 111 824 144 EPISTVLA
850 112 1015 145 CRITICA

186 213 286 244 serui.
314 213 451 245 extritas
476 212 607 244 vocales
632 214 782 245 invenies
804 213 837 245 in
862 215 1041 256 conquisto]
1073 214 1195 256 Amph.
1211 212 1255 247 65
1278 219 1309 245 et
1327 212 1372 247 82
1390 224 1452 256 pro

185 258 399 300 conquisitor,
425 258 459 290 in
481 258 615 298 fenstra
639 257 785 292 Mi1.379
808 264 839 290 et
860 259 947 291 Rud.
962 257 1008 291 88
1033 269 1094 301 pro
1114 260 1285 301 fenestra,
1311 260 1345 290 in
1365 261 1454 291 uitor

186 304 273 336 Rud.
289 301 358 337 990
380 313 440 345 pro
466 304 587 342 metor,
614 304 648 335 in
667 314 782 336 sorsus
795 304 883 338 Rud.
899 303 990 337 1314
1006 310 1038 336 et
1054 314 1181 337 sorsum
1194 304 1288 346 Capt.
1305 302 1373 337 710
1389 315 1451 347 pro

184 359 318 381 seorsus
343 354 374 380 et
398 358 544 381 seorsum
568 350 674 389 (unde
697 351 809 382 nescio
831 360 872 381 an
893 350 1016 392 Amph.
1034 348 1123 383 1108
1141 355 1173 382 et
1191 350 1278 384 Rud.
1297 347 1361 382 179
1374 351 1451 382 dor-

183 405 251 426 sum
263 404 323 436 pro
339 395 490 426 deorsum
501 395 742 426 restituendum
752 395 825 435 sit).
842 396 999 437 aspiratio
1014 400 1070 426 aut
1083 395 1326 437 interaspiratio
1338 395 1452 427 addita

185 447 234 471 est
254 440 347 472 holus
361 445 392 471 et
408 439 528 472 holitor
550 445 580 471 et
592 440 744 473 harundo
763 440 899 482 (Bacch.
916 441 958 473 51
974 451 1039 473 non
1054 440 1168 472 dubito
1185 441 1264 480 quin
1278 448 1325 472 ¹1·ss
1340 441 1451 482 ipsum

183 486 350 526 paeniteat
361 491 494 526 spretae
509 486 551 516 V.
567 484 601 517 C.
618 486 833 524 auctoritatis,
855 487 898 518 cf.
915 485 1017 520 Stich.
1025 483 1093 518 289
1105 483 1174 519 347
1187 486 1274 518 Rud.
1285 484 1350 516 122
1363 483 1452 527 294)

184 537 214 561 et
232 530 421 562 cantherius
443 532 598 568 vocibus,
627 531 762 573 dempta
777 542 855 564 erus
872 537 903 564 et
920 531 1083 564 elleborus
1099 537 1131 564 et
1146 541 1298 571 amspeae
1315 536 1346 562 et
1361 532 1451 562 ario-

182 577 233 608 lus
258 582 289 607 et
313 581 364 608 tus
390 577 581 608 nominibus
599 582 629 608 et
645 586 711 616 pro
730 577 962 609 exclamationi
983 577 1166 619 (demenda
1183 577 1218 608 ni
1235 575 1333 608 fallor
1351 577 1450 608 etiam

183 621 225 655 ak
249 628 280 652 et
303 621 344 654 olz
369 627 401 652 et
424 621 488 653 ualz
515 621 849 665 exclamationibus):
887 633 953 654 non
977 624 1064 654 iusto
1090 623 1162 654 loco
1188 622 1452 664 interaspiratio·

182 677 257 698 nem
290 668 447 698 insertam
480 677 554 699 esse
584 668 706 709 Amph.
721 665 790 701 868
815 674 846 700 et
879 669 968 701 Trin.
986 666 1050 701 132
1081 669 1115 699 in
1145 667 1328 699 inchoatam
1349 677 1451 699 voca-

182 720 259 752 bulo
286 729 360 751 sero
387 719 535 752 intellexi
558 721 649 761 quod
672 714 902 752 incohatam
926 721 1137 752 scribendum
1156 730 1231 752 esse
1249 724 1327 762 post
1339 718 1451 751 wie.-

181 777 267 801 Nssru
292 769 550 810 disputationem
574 771 607 801 in
631 768 784 811 Orthogr.
799 769 928 812 Vergil.
954 769 1069 811 p.440
1093 775 1125 800 et
1148 768 1286 801 Ossmn
1310 769 1450 801 adnota-

180 815 302 846 tionem
322 814 365 845 ad
383 814 449 846 Cic.
470 815 511 846 de
526 825 561 846 re
578 826 612 857 p.
627 825 660 856 p.
678 814 742 847 111
765 824 815 855 sq.
841 821 966 846 certum
987 815 1133 853 videtur,
1158 815 1355 857 praesertim
1373 824 1448 845 cum

181 861 213 890 in
236 859 358 901 Amph.
376 870 476 892 versu
498 861 539 891 V.
565 860 600 894 C.
627 862 787 891 incoatum
813 860 978 894 exhibeat.
1005 865 1040 891 nt
1066 861 1108 892 ad
1135 865 1354 892 consonantes
1369 869 1449 901 pro-

180 905 329 946 grediar,
357 911 432 936 ante
456 915 473 937 s
497 910 529 936 et
552 910 565 937 t
587 915 752 946 nusquam
776 905 915 937 toleravi
939 905 957 936 b
984 906 1045 937 sed
1066 906 1190 946 ubique
1211 915 1234 945 p
1256 905 1376 937 reduxi
1390 915 1441 936 ve·

179 950 226 980 lut
247 951 281 981 in
304 960 366 989 aps
391 960 505 990 apsum
529 952 665 991 apsoluo
690 950 833 991 apscedo
858 951 981 991 apstuli
1004 952 1153 991 apstineo
1171 960 1309 990 opsecro
1327 960 1449 991 opsero

178 1005 342 1037 opsequor
375 1006 517 1036 opseruo
553 997 688 1038 opsiyno
720 997 841 1036 opsisco
872 997 1038 1037 opsonium
1065 997 1242 1036 opstrvictus
1263 1005 1445 1038 supsequor

177 1042 324 1080 supsulto
350 1051 448 1081 urps,
473 1046 659 1081 optempero
683 1046 830 1081 optestor
848 1043 977 1082 optineo
999 1042 1113 1083 optigit
1133 1046 1268 1082 optusus
1287 1046 1447 1082 optrunco

177 1087 375 1126 supter-duco
403 1087 629 1128 supterfuffl'o‚
664 1092 696 1118 et
724 1096 855 1128 semper
887 1087 1006 1128 scripsi
1026 1088 1179 1127 puplicus
1203 1093 1235 1118 et
1255 1088 1446 1128 puplicitus,

177 1132 255 1162 item
280 1137 330 1163 set
354 1137 435 1172 aput
455 1133 527 1164 illut
548 1134 626 1164 istut
649 1133 749 1164 aliut:
773 1138 886 1163 contra
909 1132 1093 1164 molliorem
1118 1142 1193 1164 cnm
1211 1133 1344 1165 duriore
1361 1143 1446 1165 sono

177 1182 304 1208 mutare
330 1178 419 1217 quod
441 1177 598 1209 librorum
622 1178 800 1209 ειιςῐοιὶῐὶιε
825 1177 892 1209 sere
917 1178 1073 1219 exigebat
1095 1188 1160 1209 non
1185 1188 1287 1210 ausus
1312 1188 1386 1210 sum
1410 1179 1445 1209 in

177 1223 223 1253 ad
255 1223 292 1253 id
321 1224 398 1264 quid
432 1224 520 1275 quod
550 1233 633 1263 quas
665 1224 844 1264 scliptulas
873 1228 1009 1265 propter
1032 1233 1131 1255 usum
1156 1224 1210 1254 cui
1234 1223 1317 1255 haec
1341 1224 1444 1255 editio

177 1268 341 1299 destinata
374 1275 423 1299 est
450 1264 587 1311 ‘populo
619 1269 786 1306 concessi,
823 1270 995 1300 scientiam
1027 1269 1108 1300 mihi
1139 1263 1332 1301 reservavi’:
1367 1269 1446 1302 haut

177 1313 254 1344 dedi
288 1319 363 1345 ante
396 1315 529 1346 vocales
563 1320 594 1346 et
624 1314 645 1345 lz
676 1314 805 1345 litelam
831 1319 862 1345 et
887 1319 1107 1346 consonantes
1132 1314 1334 1356 gutturales,
1366 1319 1444 1346 ame

175 1359 312 1390 1111111163
338 1365 369 1390 et
394 1360 542 1391 dentales
567 1360 690 1400 ubique
714 1360 779 1390 lma
805 1358 936 1401 (itaque
962 1360 1061 1391 eliam
1082 1359 1216 1392 hauscio
1239 1365 1272 1391 et
1288 1359 1353 1392 hoo
1369 1361 1443 1401 qui-

175 1405 250 1435 dem
274 1397 338 1444 ὗφ’
359 1399 402 1436 ἐν
431 1411 466 1437 ut
494 1406 640 1445 neseio),
673 1406 713 1437 de
736 1415 801 1445 quo
828 1405 1017 1437 discrimine
1042 1405 1218 1437 artificiose
1243 1406 1443 1448 investigato

175 1450 252 1481 alibi
284 1451 369 1482 dixi:
402 1460 463 1492 pro
496 1452 671 1493 quatriduo
700 1451 795 1483 Asin.
810 1451 867 1482 1111
894 1450 911 1482 l
939 1448 982 1483 19
1008 1461 1048 1483 ex
1073 1450 1116 1485 V.
1142 1450 1176 1482 G.
1211 1451 1331 1492 scripsi
1361 1462 1443 1493 qua-

175 1496 294 1526 driduo
329 1506 414 1536 quae
448 1498 610 1539 scriptura
640 1497 760 1528 rationi
785 1496 857 1527 sola
882 1498 1081 1528 conveniens
1106 1497 1229 1536 ubique
1254 1497 1443 1528 revocanda

174 1547 223 1572 est
245 1540 307 1581 (cf.
331 1542 514 1575 Tnssonssm
537 1542 643 1585 praef.
673 1541 737 1574 Cic.
762 1541 858 1573 Tusc.
878 1541 1032 1584 p.xxn):
1060 1542 1142 1574 illud
1157 1548 1269 1573 autem
1286 1552 1339 1573 me
1355 1552 1443 1574 nunc

172 1587 319 1628 paenitet
357 1588 447 1627 quod
480 1588 568 1620 Trin.
598 1586 686 1621 1016
722 1596 769 1619 ΤΒ
805 1593 986 1629 praeeunte
1021 1598 1095 1619 cum
1129 1587 1221 1619 libris
1257 1589 1444 1629 gurguliost

173 1639 292 1680 scripsi
316 1649 374 1681 pro
402 1633 647 1684 curculiost,
677 1641 734 1672 illa
757 1641 844 1672 enim
869 1641 1031 1672 recentior
1054 1646 1104 1672 est
1123 1641 1230 1672 forma
1251 1642 1342 1683 apud
1359 1642 1440 1673 Ver-

173 1688 290 1730 gilium
315 1699 447 1729 quoque
472 1689 592 1732 Georg.
607 1690 620 1721 I
646 1687 712 1722 186
737 1691 769 1722 in
794 1690 906 1722 multis
932 1691 1024 1722 libris
1049 1695 1166 1722 extans
1190 1691 1251 1722 sed
1275 1701 1383 1732 neque
1406 1692 1441 1722 in

171 1733 322 1765 Romano
359 1745 467 1775 neque
497 1736 531 1767 in
565 1735 732 1771 Mmliceo,
764 1735 848 1767 haec
875 1736 1036 1768 Varronis
1067 1736 1263 1769 auctoritate
1294 1736 1441 1769 stabilita

172 1779 263 1821 Apud
297 1779 448 1811 Servium
476 1780 510 1812 in
543 1791 677 1812 versum
709 1781 801 1812 illum
825 1781 1072 1824 Vergilianum,
1107 1791 1172 1821 quo
1198 1782 1325 1813 accedit
1350 1782 1440 1822 quod

171 1825 260 1856 Rud.
277 1823 364 1857 1325
388 1830 527 1866 uterque
543 1827 627 1858 liber
643 1826 810 1858 Palatinus
828 1832 938 1858 tuetur
953 1827 1230 1865 curculiunculos,
1257 1831 1292 1858 ut
1310 1831 1438 1859 taceam

171 1880 291 1902 nomen
323 1871 528 1903 Curculionis
557 1873 590 1903 in
621 1871 735 1903 fabula
764 1873 973 1914 cognomine.
1009 1873 1194 1914 geminatas
1218 1877 1438 1904 consonantes

171 1924 218 1946 '1⁸13
245 1915 328 1948 duce
352 1917 491 1958 probavi
517 1918 550 1948 in
573 1918 737 1949 muccidus
761 1916 812 1958 (at
836 1917 987 1958 suc-idus)
1014 1918 1133 1958 futtilis
1157 1918 1320 1955 mustella,
1359 1918 1438 1949 item

169 1961 203 1992 in
226 1971 331 1993 essum
356 1968 387 1993 et
411 1972 585 1995 comessum
604 1968 635 1993 et
655 1963 781 1994 essurio
796 1973 869 1994 cum
884 1963 1048 1995 similibus
1063 1962 1133 2004 (me
1146 1963 1249 1998 invito
1266 1960 1439 2005 Capt.9l2

169 2007 334 2045 esuriens,
369 2008 449 2041 ibid.
467 2006 536 2041 468
560 2010 715 2040 esurialis
744 2008 894 2040 relictum
929 2007 997 2050 est)
1013 2007 1064 2050 *):
1099 2013 1274 2049 praeterea
1305 2017 1439 2050 semper

239 2128 268 2159 Ἰ1)
297 2127 353 2153 huc
379 2128 508 2162 pertinet
536 2128 623 2153 etiam
652 2127 729 2160 quod
758 2135 834 2154 nunc
858 2128 991 2154 intellexi
1021 2129 1168 2161 scriptura.
1194 2128 1334 2153 librorum
1358 2135 1437 2153 nesse

167 2163 230 2189 Mil.
242 2163 296 2189 302
316 2170 370 2196 pro
392 2164 453 2189 nise
473 2166 501 2188 et
518 2163 702 2189 Ambrosiam
722 2171 845 2189 ussurae
858 2164 934 2189 Trin.
952 2164 1014 2196 181,
1036 2164 1137 2190 eodem
1153 2163 1318 2196 scripturae
1334 2170 1436 2188 cassus

166 2202 195 2225 et
220 2199 401 2225 diuissiones
427 2198 505 2232 apud
527 2198 697 2226 Quinem!
726 2200 740 2223 7
769 2199 820 2230 20,
850 2200 878 2224 in
899 2200 1004 2232 quibus
1033 2200 1166 2225 omnibus
1191 2199 1268 2225 sicut
1290 2200 1319 2224 in
1341 2206 1435 2224 essum

165 2237 216 2261 aut
234 2238 245 2261 t
265 2236 314 2259 aut
334 2233 354 2260 d
372 2234 457 2260 litera
477 2236 521 2260 est
542 2241 617 2269 quae
639 2237 669 2260 ut
689 2235 799 2261 extrita
824 2238 1067 2268 compensaretur
1086 2235 1205 2261 videtur
1225 2242 1239 2260 s
1258 2235 1434 2268 geminatum

164 2278 242 2297 8588.
