1511 2502
51 110 349 148 *1111972-96
464 97 981 141 ssACCHIDES,
1283 98 1364 140 103

89 217 176 256 Hoc
202 228 274 267 age
299 229 405 254 nunc
427 216 519 253 iam.
573 213 659 252 CH.
693 202 773 250 Vbi
794 210 911 250 lubet
926 213 1055 250 recita
1072 214 1150 251 sis:
1180 212 1254 250 tibi
1272 210 1363 250 dico

693 277 850 315 aurium
869 290 1046 330 operam.

87 347 150 386 NI.
172 347 287 398 Euge
303 346 445 385 literas
461 345 646 384 minutas.
681 343 768 383 CH.
792 343 869 393 Qui
887 342 1050 393 quIdem
1067 342 1206 382 uideat
1222 356 1363 395 parum

686 408 848 460 [oeulis]
864 424 873 448 :
1295 415 1363 449 995

87 479 238 519 Verum
257 478 324 529 qui
343 479 441 516 satis
458 476 609 527 uideat,
631 475 805 527 grandes
823 477 921 515 satis
939 480 1044 515 sunt.
1083 476 1148 516 NI.
1174 477 1362 515 Animum

695 541 901 580 aduortito
917 543 1056 593 igitur.

198 609 351 661 ‘Pate'r‚
368 608 566 648 ducentos
583 608 796 661 Philippos
814 620 964 660 quaeso
984 607 1184 647 Chrtisalo

198 675 270 725 Da,
288 677 323 713 si
340 687 431 713 esse
448 674 602 713 saluom
616 675 678 712 uis
694 686 758 712 me
775 679 844 712 aut
860 673 1028 712 uitalem
1044 674 1148 712 tibi?

200 739 285 779 CH.
318 738 473 779 Malum
491 739 654 791 quidem
671 738 815 778 hercle
831 742 1037 791 magnum:
1066 740 1142 779 tibi
1161 739 1264 779 dico.
1294 741 1358 779 M.

693 804 800 855 Quid
817 809 879 843 est
893 806 912 843 ’.ἰ

200 872 286 911 CH.
326 871 416 909 Non
448 874 562 923 prius
593 871 766 910 salutem
797 871 992 923 scripsit?
1050 870 1115 909 NI.
1154 870 1359 922 Nusquam

695 937 840 975 sentio.
1272 943 1360 976 1000

198 1003 285 1044 CH.
315 1002 415 1042 Inde
431 1006 451 1041 zi
467 1003 670 1055 principio
688 1004 766 1041 iam
784 1001 986 1054 inpudens
1004 1001 1229 1054 epistulast.

196 1070 287 1109 Non
304 1069 433 1121 dabis,
450 1070 484 1108 si
500 1070 656 1122 sapies:
687 1070 830 1108 uerum
846 1069 881 1107 si
897 1068 968 1107 das
985 1070 1180 1119 mdxume,

193 1137 230 1175 N
233 1149 254 1175 e
271 1135 345 1175 ille
362 1135 485 1175 {ilium
501 1134 688 1187 gerulum
705 1136 887 1186 quaerat,
904 1136 939 1173 si
955 1135 1100 1187 sapiet,
1118 1135 1214 1173 sibi:

196 1202 296 1241 Nam
313 1216 388 1254 ego
405 1205 487 1241 non
503 1201 662 1241 laturus
680 1203 782 1252 siim,
799 1202 835 1240 si
850 1202 990 1240 iubeas
1008 1203 1203 1240 maxume.

197 1267 269 1306 Sat
284 1270 341 1306 sic
360 1272 573 1320 suspectus
591 1267 692 1318 sum,
716 1280 836 1319 quom
854 1280 973 1306 careo
990 1267 1119 1306 noxia.
1270 1272 1354 1306 1005

195 1333 260 1371 NI.
292 1332 489 1372 Ausculta
510 1346 658 1385 porro,
685 1332 781 1371 dum
796 1334 875 1371 hoc
894 1332 1001 1384 quod
1018 1334 1255 1385 scriptumst
1270 1331 1357 1385 pe'l-

692 1398 798 1449 lego.

200 1462 349 1501 ‘Pude't
361 1463 532 1515 prodire
547 1465 611 1502 me
628 1463 678 1502 ad
693 1468 736 1502 te
752 1465 794 1502 in
812 1466 1090 1516 conspectstm,
1109 1469 1246 1516 pater:

199 1528 375 1567 Tantum
391 1530 587 1580 flagitium
603 1531 645 1568 tei
661 1530 767 1568 scire
786 1529 922 1568 audiui
936 1542 1083 1580 meum,

197 1593 316 1642 Quod
334 1595 423 1633 edm
437 1597 651 1647 peregrini
668 1596 788 1634 cubui
806 1608 931 1634 uxore
946 1595 1116 1636 militis.'

194 1658 270 1697 Pol
284 1659 362 1697 hau
382 1659 568 1699 derides:
599 1665 691 1700 nam
708 1661 895 1700 ducentis
912 1663 1047 1701 aureis
1268 1669 1356 1702 1010

195 1724 399 1777 Philippis
415 1726 574 1765 redemi
590 1730 713 1766 uitam
731 1740 780 1767 ex
795 1729 949 1779 flagitio
966 1733 1085 1767 tuam.

197 1790 283 1830 CH.
314 1790 427 1830 Nihil
443 1792 506 1830 est
520 1791 698 1844 illorum,
716 1795 810 1844 quin
828 1806 902 1845 ego
920 1792 983 1832 illi
1000 1793 1182 1833 dixerim.

193 1856 259 1895 NI.
293 1855 445 1895 ‘Stulte
460 1858 610 1897 fecisse
626 1859 781 1898 fateor:
812 1864 876 1899 set
894 1861 1058 1911 quaeso,
1081 1864 1213 1911 pater,

194 1922 256 1961 Ne
272 1935 351 1974 me,
368 1925 410 1962 in
427 1923 601 1963 stultitia
618 1928 650 1964 si
667 1925 838 1978 deliqui,
856 1925 1036 1965 deseras,

194 1988 280 2039 Ego
297 1990 428 2027 animo
447 1989 593 2041 cupido
610 1995 732 2043 atque
750 1990 878 2030 oculis
893 1990 1102 2030 indomitis
1118 1990 1196 2029 fui:
1265 1996 1353 2029 1015

194 2053 501 2093 Persuassumst
516 2055 655 2095 facere
673 2056 816 2109 quoius
832 2070 897 2096 me
914 2070 1020 2096 nunc
1036 2057 1136 2095 facti
1150 2055 1308 2109 pudet.'

193 2118 314 2158 Prius
332 2121 487 2159 cauisse
504 2133 601 2172 ergo
620 2126 735 2174 quam
751 2123 910 2176 pudere
928 2125 1099 2175 aequom
1113 2122 1203 2161 fuit.

195 2183 280 2222 CH.
310 2184 467 2224 Eadem
482 2187 608 2226 istaec
624 2189 751 2227 uerba
767 2188 920 2228 dudum
938 2188 1019 2227 dm
1035 2187 1095 2226 illi
1114 2189 1256 2226 6mnia.

193 2247 257 2287 NI.
286 2250 460 2299 ‘Quaeso
479 2252 523 2290 [it
539 2257 600 2291 sat
614 2253 764 2292 habeas
780 2252 836 2306 id⁷
851 2258 983 2306 pater,
1002 2252 1111 2305 quod
1128 2250 1352 2292 Chrosalus
