1511 2502
77 119 295 156 ιαμ-59
443 108 972 149 Psfivnvtvs.
1267 108 1343 149 181

190 224 294 275 Quoi
311 224 444 275 ne'que
460 226 640 275 paratast
656 221 770 272 gutta
787 221 892 259 certi
909 218 1054 259 consili

186 289 329 340 Neque
344 287 446 327 adeo
463 287 622 338 argenti
740 286 756 304 *
874 288 893 304 ‘⁸
1010 288 1028 304 *
1144 287 1162 306 ⁸²

185 354 326 404 Neque
342 351 522 391 e'xordiri
538 354 712 404 primum
729 350 836 389 unde
854 351 1042 402 occupizis
1060 351 1186 390 habes

183 420 326 470 Neque
343 417 393 457 ad
409 416 680 456 detexundam
698 415 822 455 telam
837 420 973 454 certos
990 417 1199 456 terminos.
1275 423 1344 457 400

185 484 257 524 Set
275 484 386 535 quasi
401 487 537 536 poeta,
554 481 710 520 tabulas
727 494 846 532 quom
864 483 972 533 cepit
989 482 1080 533 sibi,

184 553 352 603 Quaerit
370 551 478 603 quod
493 555 731 602 nusquamst
746 551 940 601 gentium,
958 551 1115 601 reperit
1131 554 1287 589 tamen:

181 618 297 657 Facit
314 616 403 656 sslut
423 617 511 656 ueri
527 615 658 655 simile
676 615 784 667 quod
800 615 1112 654 mend-‹iciumstx

185 683 299 722 Nunc
316 684 390 733 ego
406 687 528 734 poeta
544 682 661 720 fi'am:
692 681 838 732 uiginti
853 681 995 731 minas,

185 749 296 798 Quae
313 748 509 799 nusquam
523 761 630 786 nunc
646 751 741 786 sunt
755 747 950 798 gentium,
975 747 1180 786 inueniam
1194 752 1341 787 tamen.

184 815 318 865 Atque
336 814 409 864 ego
427 825 491 852 me
507 814 584 851 iam
600 812 761 865 pridem
777 813 870 850 huic
881 811 1067 850 daturum
1079 811 1258 851 dixeram
1275 819 1342 854 406

183 880 243 918 Ac
259 877 369 917 uolui
388 879 544 916 inicere
562 876 760 928 tragulam
778 878 821 914 in
838 877 1021 915 nostrum
1038 889 1198 915 senem:

184 944 338 983 Verum
354 946 387 981 is
403 944 541 981 nescio
559 955 636 993 quo
653 946 770 994 pacto
787 944 1019 994 praesensit
1034 943 1159 994 prius,

185 1010 257 1048 Set
273 1008 565 1062 conprimunda
580 1010 658 1047 uox
673 1009 772 1047 mihi
789 1013 910 1059 atque
928 1009 1119 1047 oratiost:

182 1077 306 1115 Erum
325 1076 462 1114 eccum
478 1074 599 1114 uideo
616 1076 695 1113 huc
712 1073 877 1127 [meum]
896 1073 1102 1114 Simonem
1119 1075 1195 1114 unzi
1213 1075 1338 1114 semul

185 1143 285 1181 Cum
302 1141 371 1180 suo
389 1142 523 1180 uicino
541 1139 784 1194 calliphone
800 1140 1010 1180 incedere.
1274 1147 1340 1181 411

182 1208 244 1246 Ex
259 1208 336 1246 hdo
354 1205 543 1258 sepulcro
561 1208 705 1245 uetere
723 1207 868 1257 uiginti
884 1207 1010 1244 minas
1057 1258 1060 1259 ⁷

184 1271 394 1310 chddiam
412 1284 486 1323 ego
504 1271 642 1322 hodie,
661 1275 757 1322 quzis
775 1271 869 1310 dem
885 1270 977 1310 erili
992 1270 1093 1309 filio.

183 1337 297 1375 Nunc
313 1337 393 1376 hnic
410 1335 642 1388 concedam,
658 1342 703 1375 ut
719 1338 863 1375 horum
881 1336 1110 1374 sermonem
1126 1335 1270 1387 legam.

274 1557 416 1595 Slno.
479 1555 761 1595 CALLIPHO,
824 1557 1135 1596 Psnvnvnvs.

182 1656 238 1695 SI.
272 1655 316 1695 Si
332 1655 383 1694 de
400 1655 603 1694 damnosis
621 1656 687 1694 aut
707 1657 740 1694 si
757 1655 808 1694 de
825 1658 1069 1696 amatoribus
1273 1662 1340 1697 415

180 1723 365 1761 Dictator
380 1723 451 1761 fiat
467 1723 573 1761 nunc
590 1723 764 1761 Athenis
784 1712 946 1772 Atticis‚

181 1788 308 1826 Nemo
325 1789 559 1827 anteueniat
574 1787 663 1827 fflio
682 1788 805 1826 credo
822 1801 925 1827 meo.

180 1854 238 1892 Ita
253 1855 360 1893 minc
376 1866 452 1906 per
466 1855 610 1893 urbem
626 1853 757 1893 solum
773 1855 951 1893 sermoni
968 1856 1184 1905 omnibust,

179 1919 282 1957 Eum
304 1917 411 1957 uelle
429 1919 594 1958 amicam
609 1917 791 1958 liberare
808 1925 850 1959 et
868 1921 1066 1971 quaerere

180 1985 406 2035 Argentum
423 1983 473 2022 ad
483 1996 570 2022 eam
584 1996 692 2022 rem:
723 1985 801 2023 hoc
817 1983 887 2023 alii
904 1986 1002 2023 mihi
1018 1986 1255 2024 remintiant
1270 1990 1340 2024 420

179 2050 315 2099 Atque
332 2049 373 2087 1¹d
388 2050 467 2088 iam
481 2048 643 2102 pridem
659 2051 769 2088 sensi
785 2054 827 2089 et
843 2049 1057 2090 subolebat
1072 2051 1183 2101 mihi,

180 2114 253 2154 Set
270 2114 580 2154 dissimulabam.
624 2115 700 2154 PS.
731 2116 812 2154 Iam
828 2115 890 2154 illi
909 2115 1101 2167 [subolet]
1121 2115 1253 2155 filius:

182 2180 386 2220 Occissast
399 2182 502 2220 haec
518 2193 600 2232 res,
616 2181 761 2220 haeret
778 2183 855 2220 hoc
873 2183 1093 2232 negotium.

180 2248 265 2297 Qua
280 2249 321 2286 in
340 2250 593 2288 co'nmeatum
610 2248 817 2288 uolueram
834 2249 1106 2300 argentarium
