1511 2502
66 104 86 135 ,1
110 102 132 137 3
157 99 318 136 85-103
451 92 478 131 Ρ
508 93 533 131 S
563 92 593 131 E
625 93 654 130 V
684 92 716 131 1)
748 92 778 130 V
808 91 835 130 L
865 92 897 130 V
927 92 972 130 S.
1269 91 1346 132 177

74 196 162 244 Vna
179 217 304 257 opera
320 202 495 255 adligem
512 216 652 242 canem
668 203 879 254 fugitiuam
899 205 1055 254 agninis
1070 203 1256 243 lactibus.

74 270 155 310 CA.
182 269 293 308 Sicin
310 270 363 308 mi
383 281 452 321 aps
469 273 510 307 te
527 269 633 308 bene
649 270 826 307 merenti
843 268 950 307 male
966 268 1149 307 refertur
1161 268 1319 319 gratia?

74 335 153 373 BA.
187 333 291 384 Quid
320 347 427 373 nunc
457 335 548 373 uis?
598 335 680 374 GA.
713 334 770 374 Vt
801 334 1018 386 dpperiare
1048 333 1123 372 hos
1154 334 1225 371 sex
1257 332 1345 371 dies

675 400 804 438 festds
824 398 959 449 modo,
1276 403 1343 436 321

72 465 131 502 Ne
146 463 258 502 illam
276 464 428 503 uendas
446 467 525 504 nesi
543 478 606 504 me
622 464 771 517 perdas
789 465 995 503 hdminem
1012 468 1223 502 amantem.
1258 464 1340 502 BA.

671 531 816 569 Animd
834 530 993 568 bono’s:

71 592 148 633 Vel
165 606 235 632 sex
251 595 400 633 mensis
415 596 649 647 dpperibor.
682 596 765 635 CA.
784 595 914 646 Euge,
934 595 1053 632 homo
1064 593 1338 646 lepidissume.

70 659 150 698 BA.
175 648 298 698 immo
315 660 384 698 uin
403 661 523 698 etiam
539 666 580 699 te
597 661 742 699 faciam
756 673 805 699 ex
820 659 929 698 laeto
946 658 1168 698 laetantem
1185 659 1341 709 magis?

72 724 154 764 CA.
187 724 293 775 Quid
309 725 417 764 iam?
453 726 535 765 BA.
569 727 670 776 Quia
688 727 795 764 enim
811 727 890 763 ndn
907 723 1095 764 uenalem
1114 725 1193 763 iam
1209 724 1340 763 habeo

672 791 949 829 Phoenicium.
1272 794 1339 828 325

70 855 152 894 CA.
177 855 266 894 Νόιι
282 856 438 894 habes?
477 857 559 895 BA.
591 856 680 894 Non
697 854 840 893 he'rcle
857 867 970 893 uero.
1011 854 1094 894 CA.
1117 853 1339 905 Pseiidule‚

672 933 834 960 arcesse
850 921 1003 959 hdstias

67 986 275 1025 Victumas
289 985 431 1037 lanids,
450 987 544 1026 huic
560 991 604 1026 ut
621 999 696 1038 ego
714 987 951 1039 saeruficem
967 988 1120 1025 summd
1136 986 1240 1024 Ioui:

67 1049 165 1088 Nam
190 1051 255 1089 hic
280 1052 378 1089 mihi
401 1064 507 1090 nunc
525 1057 587 1091 est
602 1051 731 1091 multo
748 1053 885 1104 potior
901 1053 1085 1104 Iuppiter
1113 1064 1229 1103 quam
1246 1052 1338 1104 lup-

663 1119 783 1170 piter.

67 1181 148 1219 BA.
179 1180 281 1219 Ndlo
297 1182 511 1221 uictumas:
542 1183 705 1221 mininis
722 1194 785 1221 me
804 1183 906 1220 extis
921 1181 1078 1234 placari
1094 1182 1200 1220 uolo.

68 1247 149 1286 CA.
179 1248 382 1300 Prdpera:
415 1249 511 1301 quid
531 1250 643 1288 stas?
673 1252 836 1288 arcesse
852 1261 996 1299 agnos:
1029 1247 1150 1286 audin
1168 1247 1266 1299 quid
1282 1248 1336 1285 ait

668 1315 852 1366 Iuppiter
864 1314 883 1351 ‘3
1268 1317 1336 1352 330

65 1377 140 1417 PS.
174 1378 255 1417 Iam
280 1379 347 1417 hic
368 1391 459 1417 ero:
493 1391 634 1418 uerum
653 1380 765 1417 extra
781 1384 941 1431 portam
957 1379 1011 1416 mi
1028 1378 1149 1417 e‘tiam
1166 1391 1336 1416 currun-

669 1444 803 1482 diimst
818 1444 942 1496 prius.

65 1509 148 1548 CA.
183 1508 289 1558 Quid
314 1510 394 1548 eo?
438 1509 514 1549 PS.
544 1510 692 1548 Lanios
715 1509 811 1548 inde
835 1521 1036 1548 arcessam
1054 1508 1133 1548 duo
1151 1522 1240 1548 cum
1254 1510 1334 1547 tin-

666 1572 909 1613 tinnabulis:

62 1627 215 1678 Eadem
234 1638 312 1678 duo
330 1640 476 1691 greges
492 1640 697 1691 uirgarum
713 1639 810 1679 inde
827 1639 1050 1678 ulmearum
1067 1639 1258 1691 adegero,

63 1707 97 1743 V
101 1709 119 1743 t
133 1704 257 1743 hodie
275 1704 326 1743 ad
339 1704 566 1744 linitionem
583 1706 677 1744 huic
694 1707 885 1758 suppetat
901 1706 1021 1744 satias
1037 1706 1136 1745 Ioui.

62 1771 144 1810 BA
165 1760 209 1808 Ῐ·
198 1782 241 1808 ln
256 1769 400 1808 malam
418 1783 591 1819 crucem.
624 1771 699 1810 PS.
722 1762 830 1810 istuc
846 1771 922 1808 ibit
936 1771 1120 1822 Iuppiter
1129 1769 1329 1810 lendnius.

63 1835 145 1875 BA.
177 1837 237 1874 Ex
262 1840 330 1874 tua
351 1848 397 1874 re
421 1837 502 1874 ndn
528 1841 592 1874 est
615 1841 659 1875 ut
675 1849 749 1887 ego
768 1836 954 1874 emdriar.
998 1835 1075 1874 PS.
1110 1835 1186 1884 Qui
1207 1834 1332 1873 dum?

665 1902 748 1940 BA.
782 1900 868 1939 Sic:
900 1901 1005 1951 quia3
1264 1905 1333 1941 336

58 1966 107 2023 *Si
123 1979 198 2018 ego
214 1969 421 2006 emortuds
438 1969 526 2018 sim,
543 1969 717 2007 Athenis
733 1969 777 2006 te
792 1968 846 2006 sit
859 1979 977 2006 nemo
996 1968 1181 2018 nequior.

63 2022 122 2070 Ex
151 2036 219 2070 tua
247 2037 336 2070 rest
360 2033 403 2071 1'1t
430 2045 504 2084 ego
530 2035 718 2072 emoriar.
763 2032 846 2072 CA.
880 2034 958 2083 Qui
975 2032 1098 2071 dum?
1128 2034 1209 2071 BA.
1240 2033 1327 2085 Ego

666 2099 796 2138 dicam
811 2100 907 2138 tibi:

61 2162 163 2213 Quia
179 2161 343 2215 edepol,
371 2163 464 2203 dum
482 2177 556 2216 ego
573 2167 688 2204 uiuos
705 2166 858 2215 uiuam,
890 2166 1106 2216 numquam
1122 2164 1204 2203 eris
1221 2164 1331 2214 frugi

666 2231 809 2270 bonae.

118 2292 305 2331 PLAv'rvs
336 2294 380 2333 11.
1015 2302 1057 2334 12
