1511 2502
164 135 245 175 160
638 135 667 174 Ρ
696 135 723 174 L
753 135 787 174 A
814 134 847 172 V
876 133 905 172 T
935 134 951 173 1
1135 148 1174 178 [11
1201 148 1216 180 1
1246 145 1424 182 198—215

155 248 289 286 'raam
319 261 410 287 esse
440 260 628 287 uxorem:
673 247 730 285 ita
757 247 1144 300 praecipiundumst.
1209 248 1290 288 PE.
1320 238 1427 288 Erro

765 325 883 363 quam
898 313 1062 351 insistas
1079 314 1196 352 uiam.

155 378 237 416 PA.
271 366 326 416 At
342 379 460 417 scies.
493 383 558 417 set
573 378 726 429 ecquae
746 376 934 417 ancillast
955 377 1049 416 ssli?
1092 379 1174 419 PE.
1203 379 1280 418 Est
1295 379 1427 432 prime

762 447 862 482 cata.

154 510 237 549 PA.
268 498 328 549 Ea
354 523 515 562 quoque
542 524 642 562 opus
669 514 743 548 est.
785 512 842 547 ita
862 509 1089 561 praecipito
1119 509 1283 548 mi'ilieri
1305 515 1427 562 atque

750 573 981 624 ancillulae,
1360 579 1426 615 795

156 628 211 676 Vt
235 639 398 679 simulet
422 653 466 679 se
491 642 601 679 tilam
628 652 719 678 esse
746 651 914 677 uxorem
938 642 980 677 et
1005 637 1198 690 deperire
1222 639 1330 677 hunc
1353 641 1428 677 mi-

754 704 894 743 litem:

155 770 362 822 Quasique
392 772 498 809 hunc
531 769 694 808 anultim
724 783 819 808 suae
846 770 990 807 faueae
1019 767 1198 819 dederit,
1229 782 1277 807 ea
1300 772 1426 821 porrc'·

757 835 870 884 mihi,

155 899 280 938 Militi
298 905 342 938 ut
359 899 520 938 dar-dm:
540 900 734 951 quasique
752 899 822 949 [ei]
842 911 916 949 ego
935 897 999 937 rei
1016 899 1090 936 sim
1100 900 1320 951 interpres,
1343 899 1424 939 PE.

755 964 913 1004 Afidio:

154 1032 215 1069 Nc}
231 1032 344 1069 mint
359 1030 482 1070 surdo
499 1032 675 1069 uerbera
693 1031 813 1069 auris.
843 1029 928 1070 PA.
947 1019 1122 1081 Egomet
1137 1033 1251 1068 recta
1269 1029 1428 1080 [semita

158 1085 220 1134 Ad
237 1109 328 1135 eum
344 1097 430 1134 ibo:
456 1097 492 1147 a]
506 1100 575 1134 tua
590 1097 644 1134 mi
661 1109 786 1135 uxore
804 1095 934 1134 dicam
952 1094 1131 1133 delatum
1143 1097 1183 1134 et
1195 1095 1344 1146 datum,
1360 1101 1429 1135 800

160 1151 211 1198 (Ἰ
245 1173 335 1199 sese
368 1160 417 1199 ad
449 1174 540 1199 eum
571 1161 844 1199 cdnciliarem.
902 1159 976 1198 ille
1015 1160 1105 1199 eius
1146 1160 1254 1199 ‹lomi
1291 1161 1429 1212 cupiet

753 1227 898 1264 miser:

156 1292 236 1340 Qui
256 1292 336 1330 nisi
353 1290 555 1330 adulterid
573 1290 779 1330 studiosus
795 1290 859 1330 rei
875 1291 975 1330 nulli
993 1291 1135 1329 aliaest
1150 1292 1358 1342 inprobus.

158 1357 237 1397 PE.
269 1357 358 1396 Ndn
373 1358 508 1409 potuit
524 1359 728 1409 reperire,
744 1357 777 1395 si
794 1357 873 1408 ipsi
891 1355 975 1394 Sdli
994 1355 1248 1407 quaerundas
1266 1355 1400 1407 dares,

156 1423 400 1476 Lepidiores
427 1421 524 1462 duas
551 1422 601 1462 ad
624 1423 728 1462 lianc
750 1435 839 1461 rem
863 1435 981 1475 quam
1001 1423 1174 1474 egomet.
1219 1421 1325 1461 habe
1343 1421 1429 1460 ani-

757 1490 867 1527 mlim
888 1490 1050 1529 bonum.

158 1555 236 1594 PA.
255 1544 364 1605 Ergo
382 1554 574 1593 adcures:
591 1556 813 1607 prtiperato
827 1567 926 1605 opus
944 1559 1019 1593 est.
1048 1555 1155 1593 minc
1171 1559 1215 1593 tu
1231 1553 1425 1604 ausculta,

752 1618 992 1658 Pleiisicles.
1358 1624 1425 1658 805

153 1684 233 1724 PL.
267 1684 364 1723 Tibi
394 1698 481 1723 sum
511 1685 749 1724 oboediens.
806 1684 890 1723 PA.
922 1684 1011 1722 Hoc
1038 1684 1184 1722 facito:
1215 1684 1330 1722 miles
1356 1684 1427 1722 do-

754 1762 861 1787 mum
878 1749 947 1787 ubi
965 1748 1194 1799 aduenerit,

154 1815 398 1854 Memineris
421 1827 474 1853 ne
491 1814 834 1853 Philocomasium
858 1815 1055 1853 ndmines.
1099 1814 1179 1852 PL.
1212 1814 1338 1862 Quam
1354 1815 1424 1852 nd·

756 1881 905 1918 minem
918 1879 938 1916 ⁴?

158 1946 237 1985 PA.
270 1945 500 1996 Glyceram.
544 1946 625 1984 PL.
658 1944 813 1996 Nempe
837 1943 1010 1982 eandem
1036 1956 1138 1994 quae
1164 1943 1314 1981 dudum
1330 1945 1426 1983 etin—

757 2011 951 2048 stitutast.
986 2009 1067 2047 PA.
1098 2010 1194 2059 Pax,
1212 2010 1289 2050 abi.

154 2076 234 2115 PL.
265 2075 517 2114 Meminerot
549 2080 613 2114 set
638 2074 734 2126 quid
759 2075 992 2112 meminisse
1017 2074 1059 2112 id
1078 2075 1231 2125 refert,
1249 2087 1323 2126 ego
1339 2074 1426 2125 [ne-

757 2140 856 2191 scio]
877 2144 1022 2178 tamen.

156 2207 237 2245 PA.
268 2197 354 2256 Ego
373 2207 479 2245 enim
504 2206 634 2246 dicam
658 2209 757 2257 nim,
789 2204 948 2257 quando
966 2218 1060 2243 usus
1076 2206 1230 2257 pdscet.
1263 2206 1422 2244 intere&

755 2276 868 2309 tace:
1356 2277 1424 2311 810
