1511 2502
189 100 269 140 268
683 97 885 137 PLAv
914 98 989 136 TI
1220 109 1486 154 v422-363

193 211 348 250 Ctinice
374 211 593 261 accipimur
609 210 780 263 quamde
795 212 838 248 in
853 209 1005 249 lectis?
1048 210 1129 251 ST.
1159 210 1238 249 Hic
1255 211 1363 250 enim
1376 224 1461 250 ma-

798 277 857 326 gis
875 279 938 313 est
955 273 1125 315 dulcius.

193 341 268 380 SA.
299 332 403 379 Vter
420 341 585 379 amicam
600 341 737 379 utrubi
752 339 1066 378 zidcumbamus‘.²
1106 339 1186 379 ST.
1210 328 1288 378 Abi
1304 344 1348 379 tu
1362 352 1460 379 sane

797 405 998 456 superior.
1392 410 1461 446 700

192 460 327 523 Atque
358 470 458 510 adeo
489 476 534 510 ut
563 478 607 509 tu
638 473 743 509 scire
772 471 927 522 possis,
959 471 1078 521 pacto
1110 481 1184 520 ego
1215 472 1350 508 tecum
1378 469 1458 508 hoc

797 534 958 573 diuido:

191 600 318 651 Vide,
347 607 480 639 utram
495 601 571 639 tibi
586 599 703 638 lubet
718 601 839 638 etiam
854 612 960 637 nunc
981 603 1126 651 capere
1137 629 1148 651 ‚
1177 611 1275 652 cape
1291 601 1458 651 prouin-

795 665 907 703 ciam.

190 732 266 770 SA.
301 730 407 780 Quid
437 731 542 768 istuc
573 734 636 767 est
664 729 899 780 prouinciae
935 728 1134 779 [autem1‘3
1193 729 1271 768 ST.
1310 730 1458 770 Vtrum

796 794 955 832 fontine
973 807 1020 832 an
1036 794 1187 832 L1'bero

188 853 393 913 inperium
409 867 451 900 te
467 862 655 901 inhibe're
671 862 796 900 mauis
808 861 827 898 ’ἒ
865 860 942 899 SA.
965 860 1097 899 Nimio
1116 859 1272 912 liquido
1289 861 1456 901 Libero.

189 927 262 966 Sat
277 927 457 978 interim,
483 928 663 978 stratdge
679 932 834 976 noster,
860 927 962 977 qudi·
977 926 1044 964 hic
1061 931 1194 964 cessat
1210 926 1457 965 cantharus?

191 993 294 1033 Vide
326 999 424 1044 quot
454 994 620 1032 cuathos
650 994 835 1033 bibimus,
882 992 961 1031 ST.
996 991 1079 1030 Tot
1104 995 1202 1043 quot
1231 991 1348 1043 digiti
1379 992 1457 1031 tibi

795 1062 887 1096 sunt
903 1059 945 1095 1'11
960 1070 1092 1095 manu.
1387 1062 1456 1097 706

190 1123 333 1161 cantio
351 1124 567 1162 Graecast:
597 1116 626 1175 ἤ
641 1118 754 1162 πέντ’
774 1116 801 1174 ἢ
817 1121 913 1173 τρία
930 1116 1013 1160 πῖν’
1031 1113 1059 1173 ἢ
1074 1117 1131 1173 μὴ
1148 1118 1339 1174 τέτταρα.

189 1188 266 1229 SA.
298 1188 394 1226 Tibi
424 1189 610 1240 propino.
644 1188 856 1227 decumum
887 1201 909 1226 a
930 1187 1046 1225 fonte
1070 1188 1144 1225 tibi
1166 1191 1254 1226 tute
1271 1186 1390 1239 inde,
1422 1189 1456 1225 si

793 1254 912 1305 sapis.

187 1319 298 1356 Be‘ne
324 1331 416 1356 uos:
447 1320 551 1357 bene
571 1331 664 1357 nos:
695 1319 801 1357 bene
822 1323 884 1357 te:
915 1319 1020 1357 bene
1040 1329 1124 1355 me:
1155 1317 1259 1356 bene
1274 1321 1455 1355 nostram

792 1385 913 1423 etiam
931 1383 1208 1435 Stfiplianium.

186 1446 265 1485 ST.
297 1447 453 1500 Lepide
477 1449 554 1487 hoc
579 1454 761 1487 actumst.
794 1450 868 1487 tibi
888 1449 1062 1501 propino
1081 1448 1328 1487 cantharum.
1377 1447 1453 1486 SA.

789 1515 939 1555 Vinum
955 1519 999 1553 tu
1017 1515 1163 1552 habes:
1385 1518 1454 1553 710

183 1577 310 1616 NImis
336 1577 487 1616 ueflem
513 1578 668 1629 aliquid
692 1579 957 1631 pulpamenti.
1005 1579 1085 1619 ST.
1119 1579 1162 1617 Si
1185 1580 1330 1617 hdrum
1350 1591 1452 1629 quae

792 1643 937 1681 adsunt
952 1644 1148 1694 paenitet,

183 1706 296 1745 Nihil
327 1712 400 1746 est.
444 1713 539 1746 tene
570 1721 723 1759 aquam.
779 1708 855 1747 SA.
885 1708 1036 1747 Meilius
1068 1708 1189 1747 dicis:
1226 1707 1284 1746 nil
1314 1722 1451 1747 moror

790 1773 1000 1825 cuppessdia.

183 1839 304 1889 Bibe,
335 1840 506 1878 tibicen:
540 1840 650 1891 [bibe
667 1842 700 1879 si
716 1841 852 1891 bibis]
872 1839 1096 1879 bibn'tndum
1112 1840 1253 1880 hercle
1270 1842 1347 1880 hoc
1363 1848 1449 1880 est:

788 1908 839 1945 ne'
858 1918 971 1957 nega.

184 1969 290 2019 Quid
313 1971 379 2009 hic
405 1971 565 2010 fastidis
590 1971 697 2023 qudd
721 1971 953 2011 faciundum
972 1971 1090 2010 uides
1107 1984 1197 2010 esse
1219 1971 1324 2010 tibi?
1355 1973 1450 2024 quin

784 2036 920 2075 bibis?

181 2088 268 2151 Age
310 2100 445 2152 siquid
484 2103 578 2152 agis.
623 2104 762 2154 Accipe
799 2104 983 2153 inquam:
1026 2104 1118 2140 num
1154 2102 1231 2140 hoc
1261 2100 1450 2154 inpendit

784 2167 1004 2220 puplicum.
1380 2172 1446 2207 715

179 2231 269 2269 Hau
286 2236 397 2269 tuum
415 2232 519 2270 istuc
537 2233 599 2271 e‘st
617 2233 755 2271 uereri
772 2237 826 2273 te.
862 2234 975 2285 &ripe
992 2246 1041 2271 ex
1057 2245 1128 2271 ore
1143 2233 1275 2270 tibias.
