<?xml version="1.0" encoding="UTF-8"?>
<!DOCTYPE html PUBLIC "-//W3C//DTD XHTML 1.0 Transitional//EN"
    "http://www.w3.org/TR/xhtml1/DTD/xhtml1-transitional.dtd">
<html xmlns="http://www.w3.org/1999/xhtml" xml:lang="en" lang="en">
 <head>
  <title>
</title>
<meta http-equiv="Content-Type" content="text/html;charset=utf-8" />
  <meta name='ocr-system' content='tesseract 3.04.00' />
  <meta name='ocr-capabilities' content='ocr_page ocr_carea ocr_par ocr_line ocrx_word'/>
</head>
<body>
  <div class='ocr_page' id='page_1' title='image "./comoediae0102plauuoft_0433.png"; bbox 0 0 1511 2502; ppageno 0'>
   <div class='ocr_carea' id='block_1_1' title="bbox 97 111 1366 157">
    <p class='ocr_par' dir='ltr' id='par_1_1' title="bbox 97 111 1366 157">
     <span class='ocr_line' id='line_1_1' title="bbox 97 111 1366 157; baseline -0.003 0"><span class='ocrx_word' id='word_1_1' title='bbox 97 120 308 157; x_wconf 78' lang='lat'><strong>1135—32</strong></span> <span class='ocrx_word' id='word_1_2' title='bbox 476 111 990 152; x_wconf 77' lang='lat' dir='ltr'>BACCHIDES.</span> <span class='ocrx_word' id='word_1_3' title='bbox 1314 112 1366 153; x_wconf 88' lang='lat'>67</span> 
     </span>
    </p>
   </div>
   <div class='ocr_carea' id='block_1_2' title="bbox 94 223 1367 1130">
    <p class='ocr_par' dir='ltr' id='par_1_2' title="bbox 97 223 1179 277">
     <span class='ocr_line' id='line_1_2' title="bbox 97 223 1179 277; baseline 0.002 -14"><span class='ocrx_word' id='word_1_4' title='bbox 97 225 181 264; x_wconf 82' lang='lat' dir='ltr'>CH.</span> <span class='ocrx_word' id='word_1_5' title='bbox 211 225 406 264; x_wconf 78' lang='lat' dir='ltr'>Extexam</span> <span class='ocrx_word' id='word_1_6' title='bbox 423 237 497 276; x_wconf 83' lang='lat' dir='ltr'>ego</span> <span class='ocrx_word' id='word_1_7' title='bbox 514 224 630 264; x_wconf 91' lang='lat' dir='ltr'>illum</span> <span class='ocrx_word' id='word_1_8' title='bbox 646 223 790 277; x_wconf 71' lang='lat' dir='ltr'>pulcre</span> <span class='ocrx_word' id='word_1_9' title='bbox 808 226 899 275; x_wconf 84' lang='lat' dir='ltr'>iam,</span> <span class='ocrx_word' id='word_1_10' title='bbox 917 227 949 263; x_wconf 88' lang='lat' dir='ltr'>si</span> <span class='ocrx_word' id='word_1_11' title='bbox 968 225 1010 263; x_wconf 81' lang='lat' dir='ltr'>‹h‘</span> <span class='ocrx_word' id='word_1_12' title='bbox 1025 225 1179 266; x_wconf 82' lang='lat' dir='ltr'>uolunt.</span> 
     </span>
    </p>

    <p class='ocr_par' dir='ltr' id='par_1_3' title="bbox 98 290 1367 343">
     <span class='ocr_line' id='line_1_3' title="bbox 98 290 1367 343; baseline 0 -14"><span class='ocrx_word' id='word_1_13' title='bbox 98 291 186 329; x_wconf 89' lang='lat' dir='ltr'>Hau</span> <span class='ocrx_word' id='word_1_14' title='bbox 203 290 560 330; x_wconf 72' lang='lat' dir='ltr'>ddrmitandumst:</span> <span class='ocrx_word' id='word_1_15' title='bbox 592 293 692 343; x_wconf 75' lang='lat' dir='ltr'>opus</span> <span class='ocrx_word' id='word_1_16' title='bbox 709 294 772 328; x_wconf 90' lang='lat' dir='ltr'>est</span> <span class='ocrx_word' id='word_1_17' title='bbox 789 291 936 329; x_wconf 89' lang='lat' dir='ltr'>chruso</span> <span class='ocrx_word' id='word_1_18' title='bbox 955 290 1170 331; x_wconf 73' lang='lat' dir='ltr'>Chriisalo.</span> <span class='ocrx_word' id='word_1_19' title='bbox 1300 296 1367 330; x_wconf 72' lang='lat'>240</span> 
     </span>
    </p>

    <p class='ocr_par' dir='ltr' id='par_1_4' title="bbox 96 357 1366 410">
     <span class='ocr_line' id='line_1_4' title="bbox 96 357 1366 410; baseline 0 -14"><span class='ocrx_word' id='word_1_20' title='bbox 96 357 229 397; x_wconf 73' lang='lat' dir='ltr'>Adibo</span> <span class='ocrx_word' id='word_1_21' title='bbox 244 360 372 408; x_wconf 78' lang='lat' dir='ltr'>hunc,</span> <span class='ocrx_word' id='word_1_22' title='bbox 399 371 518 410; x_wconf 87' lang='lat' dir='ltr'>quem</span> <span class='ocrx_word' id='word_1_23' title='bbox 535 358 700 410; x_wconf 89' lang='lat' dir='ltr'>quidem</span> <span class='ocrx_word' id='word_1_24' title='bbox 717 370 792 409; x_wconf 87' lang='lat' dir='ltr'>ego</span> <span class='ocrx_word' id='word_1_25' title='bbox 809 357 932 396; x_wconf 74' lang='lat' dir='ltr'>hodie</span> <span class='ocrx_word' id='word_1_26' title='bbox 950 359 1095 396; x_wconf 85' lang='lat' dir='ltr'>faciam</span> <span class='ocrx_word' id='word_1_27' title='bbox 1111 359 1177 396; x_wconf 81' lang='lat' dir='ltr'>hic</span> <span class='ocrx_word' id='word_1_28' title='bbox 1194 359 1366 396; x_wconf 75' lang='lat' dir='ltr'>arietem</span> 
     </span>
    </p>

    <p class='ocr_par' dir='ltr' id='par_1_5' title="bbox 96 423 1232 475">
     <span class='ocr_line' id='line_1_5' title="bbox 96 423 1232 475; baseline 0 -12"><span class='ocrx_word' id='word_1_29' title='bbox 96 425 257 463; x_wconf 81' lang='lat' dir='ltr'>Phrixi:</span> <span class='ocrx_word' id='word_1_30' title='bbox 288 427 342 462; x_wconf 84' lang='lat' dir='ltr'>ita</span> <span class='ocrx_word' id='word_1_31' title='bbox 358 423 591 463; x_wconf 89' lang='lat' dir='ltr'>detondebo</span> <span class='ocrx_word' id='word_1_32' title='bbox 609 425 707 462; x_wconf 74' lang='lat' dir='ltr'>auro</span> <span class='ocrx_word' id='word_1_33' title='bbox 725 437 852 475; x_wconf 86' lang='lat' dir='ltr'>usque</span> <span class='ocrx_word' id='word_1_34' title='bbox 870 423 919 462; x_wconf 87' lang='lat' dir='ltr'>ad</span> <span class='ocrx_word' id='word_1_35' title='bbox 937 425 1070 462; x_wconf 82' lang='lat' dir='ltr'>uiua&#39;m</span> <span class='ocrx_word' id='word_1_36' title='bbox 1086 429 1232 463; x_wconf 89' lang='lat' dir='ltr'>cutem.</span> 
     </span>
    </p>

    <p class='ocr_par' dir='ltr' id='par_1_6' title="bbox 97 489 920 529">
     <span class='ocr_line' id='line_1_6' title="bbox 97 489 920 529; baseline 0.002 -2"><span class='ocrx_word' id='word_1_37' title='bbox 97 489 247 528; x_wconf 71' lang='lat' dir='ltr'>Seruds</span> <span class='ocrx_word' id='word_1_38' title='bbox 263 489 410 528; x_wconf 82' lang='lat' dir='ltr'>salutat</span> <span class='ocrx_word' id='word_1_39' title='bbox 425 489 665 529; x_wconf 78' lang='lat' dir='ltr'>Nicobulum</span> <span class='ocrx_word' id='word_1_40' title='bbox 684 489 920 529; x_wconf 73' lang='lat' dir='ltr'>Chmisalus.</span> 
     </span>
    </p>

    <p class='ocr_par' dir='ltr' id='par_1_7' title="bbox 94 553 1176 606">
     <span class='ocr_line' id='line_1_7' title="bbox 94 553 1176 606; baseline -0.001 -13"><span class='ocrx_word' id='word_1_41' title='bbox 94 555 156 593; x_wconf 87' lang='lat' dir='ltr'>NI.</span> <span class='ocrx_word' id='word_1_42' title='bbox 187 554 267 593; x_wconf 91' lang='lat' dir='ltr'>Pro</span> <span class='ocrx_word' id='word_1_43' title='bbox 285 553 325 593; x_wconf 90' lang='lat' dir='ltr'>di</span> <span class='ocrx_word' id='word_1_44' title='bbox 342 555 593 606; x_wconf 79' lang='lat' dir='ltr'>inmortales,</span> <span class='ocrx_word' id='word_1_45' title='bbox 611 554 823 605; x_wconf 76' lang='lat' dir='ltr'>Chri&#39;isale‚</span> <span class='ocrx_word' id='word_1_46' title='bbox 840 556 909 594; x_wconf 95' lang='lat' dir='ltr'>ubi</span> <span class='ocrx_word' id='word_1_47' title='bbox 925 555 1020 593; x_wconf 90' lang='lat' dir='ltr'>mist</span> <span class='ocrx_word' id='word_1_48' title='bbox 1034 553 1145 593; x_wconf 82' lang='lat' dir='ltr'>filius</span> <span class='ocrx_word' id='word_1_49' title='bbox 1157 555 1176 592; x_wconf 72' lang='lat'>2²</span> 
     </span>
    </p>

    <p class='ocr_par' dir='ltr' id='par_1_8' title="bbox 96 619 1365 673">
     <span class='ocr_line' id='line_1_8' title="bbox 96 619 1365 673; baseline 0 -15"><span class='ocrx_word' id='word_1_50' title='bbox 96 620 179 659; x_wconf 82' lang='lat' dir='ltr'>CH.</span> <span class='ocrx_word' id='word_1_51' title='bbox 212 621 317 670; x_wconf 90' lang='lat' dir='ltr'>Quin</span> <span class='ocrx_word' id='word_1_52' title='bbox 334 621 377 659; x_wconf 73' lang='lat' dir='ltr'>t1&#39;1</span> <span class='ocrx_word' id='word_1_53' title='bbox 394 620 566 660; x_wconf 92' lang='lat' dir='ltr'>salutem</span> <span class='ocrx_word' id='word_1_54' title='bbox 581 624 754 673; x_wconf 84' lang='lat' dir='ltr'>primum</span> <span class='ocrx_word' id='word_1_55' title='bbox 769 619 910 659; x_wconf 85' lang='lat' dir='ltr'><strong>reddis</strong></span> <span class='ocrx_word' id='word_1_56' title='bbox 928 623 1047 672; x_wconf 89' lang='lat' dir='ltr'>qua&#39;m</span> <span class='ocrx_word' id='word_1_57' title='bbox 1064 619 1190 658; x_wconf 72' lang='lat' dir='ltr'>dedi?</span> <span class='ocrx_word' id='word_1_58' title='bbox 1299 624 1365 658; x_wconf 73' lang='lat'>245</span> 
     </span>
    </p>

    <p class='ocr_par' dir='ltr' id='par_1_9' title="bbox 94 684 1364 736">
     <span class='ocr_line' id='line_1_9' title="bbox 94 684 1364 736; baseline -0.002 -11"><span class='ocrx_word' id='word_1_59' title='bbox 94 687 156 725; x_wconf 79' lang='lat' dir='ltr'>NI.</span> <span class='ocrx_word' id='word_1_60' title='bbox 185 685 319 725; x_wconf 85' lang='lat' dir='ltr'>Salue.</span> <span class='ocrx_word' id='word_1_61' title='bbox 350 691 413 725; x_wconf 91' lang='lat' dir='ltr'>set</span> <span class='ocrx_word' id='word_1_62' title='bbox 430 688 632 726; x_wconf 86' lang='lat' dir='ltr'>ubinamst</span> <span class='ocrx_word' id='word_1_63' title='bbox 647 686 960 730; x_wconf 63' lang='lat' dir='ltr'>Mnesilochus?</span> <span class='ocrx_word' id='word_1_64' title='bbox 993 687 1078 726; x_wconf 85' lang='lat' dir='ltr'>GH.</span> <span class='ocrx_word' id='word_1_65' title='bbox 1097 686 1224 736; x_wconf 79' lang='lat' dir='ltr'>Viuit,</span> <span class='ocrx_word' id='word_1_66' title='bbox 1242 684 1364 724; x_wconf 83' lang='lat' dir='ltr'>ualet.</span> 
     </span>
    </p>

    <p class='ocr_par' dir='ltr' id='par_1_10' title="bbox 94 751 1363 805">
     <span class='ocr_line' id='line_1_10' title="bbox 94 751 1363 805; baseline -0.001 -15"><span class='ocrx_word' id='word_1_67' title='bbox 94 751 156 790; x_wconf 85' lang='lat' dir='ltr'>NI.</span> <span class='ocrx_word' id='word_1_68' title='bbox 189 752 398 791; x_wconf 73' lang='lat' dir='ltr'>Venitne?</span> <span class='ocrx_word' id='word_1_69' title='bbox 438 753 523 792; x_wconf 87' lang='lat' dir='ltr'>CH.</span> <span class='ocrx_word' id='word_1_70' title='bbox 554 753 691 793; x_wconf 86' lang='lat' dir='ltr'><strong>Venit.</strong></span> <span class='ocrx_word' id='word_1_71' title='bbox 737 753 803 791; x_wconf 87' lang='lat' dir='ltr'>NI.</span> <span class='ocrx_word' id='word_1_72' title='bbox 835 753 961 803; x_wconf 74' lang='lat' dir='ltr'>Eiiax,</span> <span class='ocrx_word' id='word_1_73' title='bbox 981 752 1193 805; x_wconf 68' lang='lat' dir='ltr'>aspersisti</span> <span class='ocrx_word' id='word_1_74' title='bbox 1210 764 1363 802; x_wconf 89' lang='lat' dir='ltr'>aquam.</span> 
     </span>
    </p>

    <p class='ocr_par' dir='ltr' id='par_1_11' title="bbox 96 816 1362 869">
     <span class='ocr_line' id='line_1_11' title="bbox 96 816 1362 869; baseline -0.002 -13"><span class='ocrx_word' id='word_1_75' title='bbox 96 818 261 856; x_wconf 84' lang='lat' dir='ltr'>Benene</span> <span class='ocrx_word' id='word_1_76' title='bbox 287 819 413 869; x_wconf 74' lang='lat' dir='ltr'>iisque</span> <span class='ocrx_word' id='word_1_77' title='bbox 437 817 597 857; x_wconf 72' lang='lat' dir='ltr'>ualuit?</span> <span class='ocrx_word' id='word_1_78' title='bbox 641 819 727 858; x_wconf 89' lang='lat' dir='ltr'>CH.</span> <span class='ocrx_word' id='word_1_79' title='bbox 758 819 999 857; x_wconf 75' lang='lat' dir='ltr'>Pancratice</span> <span class='ocrx_word' id='word_1_80' title='bbox 1016 821 1138 869; x_wconf 86' lang='lat' dir='ltr'>atque</span> <span class='ocrx_word' id='word_1_81' title='bbox 1154 816 1362 856; x_wconf 83' lang='lat' dir='ltr'>athletice.</span> 
     </span>
    </p>

    <p class='ocr_par' dir='ltr' id='par_1_12' title="bbox 99 883 1364 986">
     <span class='ocr_line' id='line_1_12' title="bbox 99 883 1364 936; baseline -0.002 -14"><span class='ocrx_word' id='word_1_82' title='bbox 99 884 157 923; x_wconf 82' lang='lat' dir='ltr'>NI.</span> <span class='ocrx_word' id='word_1_83' title='bbox 192 883 298 934; x_wconf 88' lang='lat' dir='ltr'>Quid</span> <span class='ocrx_word' id='word_1_84' title='bbox 321 885 398 922; x_wconf 80' lang='lat' dir='ltr'>hoc</span> <span class='ocrx_word' id='word_1_85' title='bbox 425 898 502 936; x_wconf 86' lang='lat' dir='ltr'>qua</span> <span class='ocrx_word' id='word_1_86' title='bbox 527 897 665 922; x_wconf 81' lang='lat' dir='ltr'>caussa</span> <span class='ocrx_word' id='word_1_87' title='bbox 691 897 780 922; x_wconf 90' lang='lat' dir='ltr'>eum</span> <span class='ocrx_word' id='word_1_88' title='bbox 799 884 923 935; x_wconf 77' lang='lat' dir='ltr'>[hinc]</span> <span class='ocrx_word' id='word_1_89' title='bbox 940 884 981 921; x_wconf 92' lang='lat' dir='ltr'>in</span> <span class='ocrx_word' id='word_1_90' title='bbox 996 883 1205 935; x_wconf 87' lang='lat' dir='ltr'>Ephesum</span> <span class='ocrx_word' id='word_1_91' title='bbox 1222 884 1364 920; x_wconf 75' lang='lat' dir='ltr'>misse-</span> 
     </span>
     <span class='ocr_line' id='line_1_13' title="bbox 696 948 811 986; baseline -0.009 0"><span class='ocrx_word' id='word_1_92' title='bbox 696 962 781 986; x_wconf 86' lang='lat' dir='ltr'>ram</span> <span class='ocrx_word' id='word_1_93' title='bbox 792 948 811 985; x_wconf 64' lang='grc' dir='ltr'>’.ἱ</span> 
     </span>
    </p>

    <p class='ocr_par' dir='ltr' id='par_1_13' title="bbox 98 1012 1363 1066">
     <span class='ocr_line' id='line_1_14' title="bbox 98 1012 1363 1066; baseline -0.002 -13"><span class='ocrx_word' id='word_1_94' title='bbox 98 1017 319 1066; x_wconf 69' lang='lat' dir='ltr'>Accepitue</span> <span class='ocrx_word' id='word_1_95' title='bbox 337 1028 475 1053; x_wconf 85' lang='lat' dir='ltr'>aurum</span> <span class='ocrx_word' id='word_1_96' title='bbox 493 1016 539 1053; x_wconf 89' lang='lat' dir='ltr'>ab</span> <span class='ocrx_word' id='word_1_97' title='bbox 557 1015 720 1066; x_wconf 75' lang='lat' dir='ltr'>hospite</span> <span class='ocrx_word' id='word_1_98' title='bbox 737 1012 1060 1052; x_wconf 69' lang='lat' dir='ltr'>Archidemide?</span> <span class='ocrx_word' id='word_1_99' title='bbox 1297 1018 1363 1052; x_wconf 76' lang='lat'>250</span> 
     </span>
    </p>

    <p class='ocr_par' dir='ltr' id='par_1_14' title="bbox 94 1077 1212 1130">
     <span class='ocr_line' id='line_1_15' title="bbox 94 1077 1212 1130; baseline -0.002 -12"><span class='ocrx_word' id='word_1_100' title='bbox 94 1081 178 1119; x_wconf 86' lang='lat' dir='ltr'>CH.</span> <span class='ocrx_word' id='word_1_101' title='bbox 210 1081 315 1130; x_wconf 76' lang='lat' dir='ltr'>Heu,</span> <span class='ocrx_word' id='word_1_102' title='bbox 335 1082 403 1118; x_wconf 77' lang='lat' dir='ltr'>cor</span> <span class='ocrx_word' id='word_1_103' title='bbox 420 1081 474 1118; x_wconf 88' lang='lat' dir='ltr'>mi</span> <span class='ocrx_word' id='word_1_104' title='bbox 493 1084 535 1118; x_wconf 89' lang='lat' dir='ltr'>et</span> <span class='ocrx_word' id='word_1_105' title='bbox 550 1081 780 1129; x_wconf 79' lang='lat' dir='ltr'>cerebrum,</span> <span class='ocrx_word' id='word_1_106' title='bbox 797 1079 1009 1128; x_wconf 75' lang='lat' dir='ltr'>Nicobule,</span> <span class='ocrx_word' id='word_1_107' title='bbox 1024 1077 1212 1129; x_wconf 73' lang='lat' dir='ltr'>finditur,</span> 
     </span>
    </p>
   </div>
   <div class='ocr_carea' id='block_1_3' title="bbox 15 1145 957 1197">
    <p class='ocr_par' dir='ltr' id='par_1_15' title="bbox 15 1145 957 1197">
     <span class='ocr_line' id='line_1_16' title="bbox 15 1145 957 1197; baseline 0.002 -16"><span class='ocrx_word' id='word_1_108' title='bbox 15 1176 19 1181; x_wconf 88' lang='lat'>.</span> <span class='ocrx_word' id='word_1_109' title='bbox 92 1146 208 1184; x_wconf 80' lang='lat' dir='ltr'>Istius</span> <span class='ocrx_word' id='word_1_110' title='bbox 227 1146 401 1184; x_wconf 87' lang='lat' dir='ltr'>hominis</span> <span class='ocrx_word' id='word_1_111' title='bbox 422 1146 489 1184; x_wconf 71' lang='lat' dir='ltr'>ubi</span> <span class='ocrx_word' id='word_1_112' title='bbox 509 1146 555 1183; x_wconf 87' lang='lat' dir='ltr'>fit</span> <span class='ocrx_word' id='word_1_113' title='bbox 573 1158 774 1197; x_wconf 89' lang='lat' dir='ltr'>quomque</span> <span class='ocrx_word' id='word_1_114' title='bbox 792 1145 957 1183; x_wconf 83' lang='lat' dir='ltr'>me&#39;ntio.</span> 
     </span>
    </p>
   </div>
   <div class='ocr_carea' id='block_1_4' title="bbox 86 1209 1361 2305">
    <p class='ocr_par' dir='ltr' id='par_1_16' title="bbox 94 1209 1091 1262">
     <span class='ocr_line' id='line_1_17' title="bbox 94 1209 1091 1262; baseline -0.002 -14"><span class='ocrx_word' id='word_1_115' title='bbox 94 1210 210 1248; x_wconf 90' lang='lat' dir='ltr'>Tune</span> <span class='ocrx_word' id='word_1_116' title='bbox 227 1211 431 1262; x_wconf 78' lang='lat' dir='ltr'>hospitem</span> <span class='ocrx_word' id='word_1_117' title='bbox 446 1209 560 1248; x_wconf 86' lang='lat' dir='ltr'>illum</span> <span class='ocrx_word' id='word_1_118' title='bbox 575 1211 757 1248; x_wconf 75' lang='lat' dir='ltr'>nominas</span> <span class='ocrx_word' id='word_1_119' title='bbox 774 1209 933 1248; x_wconf 86' lang='lat' dir='ltr'>hostem</span> <span class='ocrx_word' id='word_1_120' title='bbox 949 1209 1091 1247; x_wconf 72' lang='lat' dir='ltr'>tuum?</span> 
     </span>
    </p>

    <p class='ocr_par' dir='ltr' id='par_1_17' title="bbox 96 1273 1360 1328">
     <span class='ocr_line' id='line_1_18' title="bbox 96 1273 1360 1328; baseline -0.002 -14"><span class='ocrx_word' id='word_1_121' title='bbox 96 1276 155 1315; x_wconf 78' lang='lat' dir='ltr'>NI.</span> <span class='ocrx_word' id='word_1_122' title='bbox 172 1276 278 1325; x_wconf 86' lang='lat' dir='ltr'>Quid</span> <span class='ocrx_word' id='word_1_123' title='bbox 288 1277 356 1326; x_wconf 79' lang='lat' dir='ltr'>ita,</span> <span class='ocrx_word' id='word_1_124' title='bbox 370 1279 539 1328; x_wconf 77' lang='lat' dir='ltr'>opsecro</span> <span class='ocrx_word' id='word_1_125' title='bbox 551 1274 695 1314; x_wconf 87' lang='lat' dir='ltr'>hercle</span> <span class='ocrx_word' id='word_1_126' title='bbox 707 1276 725 1313; x_wconf 68' lang='grc' dir='ltr'>’ἓ</span> <span class='ocrx_word' id='word_1_127' title='bbox 757 1276 844 1315; x_wconf 87' lang='lat' dir='ltr'>CH.</span> <span class='ocrx_word' id='word_1_128' title='bbox 863 1276 964 1325; x_wconf 71' lang='lat' dir='ltr'>Quia</span> <span class='ocrx_word' id='word_1_129' title='bbox 976 1273 1126 1327; x_wconf 89' lang='lat' dir='ltr'>edepol</span> <span class='ocrx_word' id='word_1_130' title='bbox 1138 1276 1250 1313; x_wconf 72' lang='lat' dir='ltr'>certo</span> <span class='ocrx_word' id='word_1_131' title='bbox 1263 1275 1360 1326; x_wconf 73' lang='lat' dir='ltr'>scio,</span> 
     </span>
    </p>

    <p class='ocr_par' dir='ltr' id='par_1_18' title="bbox 93 1341 1360 1393">
     <span class='ocr_line' id='line_1_19' title="bbox 93 1341 1360 1393; baseline 0 -13"><span class='ocrx_word' id='word_1_132' title='bbox 93 1341 295 1380; x_wconf 61' lang='lat' dir='ltr'>Volcanus</span> <span class='ocrx_word' id='word_1_133' title='bbox 311 1342 423 1380; x_wconf 83' lang='lat' dir='ltr'>Luna</span> <span class='ocrx_word' id='word_1_134' title='bbox 441 1341 511 1380; x_wconf 65' lang='lat' dir='ltr'>Sdl</span> <span class='ocrx_word' id='word_1_135' title='bbox 530 1343 640 1391; x_wconf 83' lang='lat' dir='ltr'>Dies,</span> <span class='ocrx_word' id='word_1_136' title='bbox 660 1342 701 1380; x_wconf 90' lang='lat' dir='ltr'>di</span> <span class='ocrx_word' id='word_1_137' title='bbox 718 1346 922 1393; x_wconf 72' lang='lat' dir='ltr'>quattuor,</span> <span class='ocrx_word' id='word_1_138' title='bbox 1295 1347 1360 1381; x_wconf 78' lang='grc'>255</span> 
     </span>
    </p>

    <p class='ocr_par' dir='ltr' id='par_1_19' title="bbox 94 1404 961 1447">
     <span class='ocr_line' id='line_1_20' title="bbox 94 1404 961 1447; baseline 0.003 -3"><span class='ocrx_word' id='word_1_139' title='bbox 94 1404 385 1445; x_wconf 76' lang='lat' dir='ltr'>Scelestiorem</span> <span class='ocrx_word' id='word_1_140' title='bbox 401 1405 556 1445; x_wconf 82' lang='lat' dir='ltr'>millum</span> <span class='ocrx_word' id='word_1_141' title='bbox 572 1405 758 1446; x_wconf 77' lang='lat' dir='ltr'>inluxere</span> <span class='ocrx_word' id='word_1_142' title='bbox 776 1406 961 1447; x_wconf 74' lang='lat' dir='ltr'>alterum.</span> 
     </span>
    </p>

    <p class='ocr_par' dir='ltr' id='par_1_20' title="bbox 91 1460 1361 1590">
     <span class='ocr_line' id='line_1_21' title="bbox 91 1460 1361 1524; baseline 0 -16"><span class='ocrx_word' id='word_1_143' title='bbox 91 1470 154 1509; x_wconf 76' lang='lat' dir='ltr'>M.</span> <span class='ocrx_word' id='word_1_144' title='bbox 189 1471 367 1520; x_wconf 80' lang='lat' dir='ltr'>Quamne</span> <span class='ocrx_word' id='word_1_145' title='bbox 393 1460 755 1511; x_wconf 58' lang='lat' dir='ltr'>Archidemidem?</span> <span class='ocrx_word' id='word_1_146' title='bbox 794 1473 932 1524; x_wconf 74' lang='lat' dir='ltr'>[heiu]</span> <span class='ocrx_word' id='word_1_147' title='bbox 996 1473 1080 1511; x_wconf 81' lang='lat' dir='ltr'><strong>CII.</strong></span> <span class='ocrx_word' id='word_1_148' title='bbox 1119 1473 1265 1522; x_wconf 70' lang='lat' dir='ltr'>Quam,</span> <span class='ocrx_word' id='word_1_149' title='bbox 1300 1473 1361 1509; x_wconf 85' lang='lat' dir='ltr'>in-</span> 
     </span>
     <span class='ocr_line' id='line_1_22' title="bbox 694 1537 1185 1590; baseline 0 -13"><span class='ocrx_word' id='word_1_150' title='bbox 694 1553 824 1590; x_wconf 76' lang='lat' dir='ltr'>quam,</span> <span class='ocrx_word' id='word_1_151' title='bbox 841 1537 1185 1577; x_wconf 77' lang='lat' dir='ltr'>Archidemidem.</span> 
     </span>
    </p>

    <p class='ocr_par' dir='ltr' id='par_1_21' title="bbox 92 1602 1359 1721">
     <span class='ocr_line' id='line_1_23' title="bbox 92 1602 1359 1656; baseline 0.001 -16"><span class='ocrx_word' id='word_1_152' title='bbox 92 1602 152 1641; x_wconf 75' lang='lat' dir='ltr'>NI.</span> <span class='ocrx_word' id='word_1_153' title='bbox 187 1602 291 1652; x_wconf 82' lang='lat' dir='ltr'>Quid</span> <span class='ocrx_word' id='word_1_154' title='bbox 321 1604 452 1642; x_wconf 77' lang='lat' dir='ltr'>fecit?</span> <span class='ocrx_word' id='word_1_155' title='bbox 503 1605 587 1643; x_wconf 88' lang='lat' dir='ltr'>CH.</span> <span class='ocrx_word' id='word_1_156' title='bbox 622 1604 728 1654; x_wconf 88' lang='lat' dir='ltr'>Quid</span> <span class='ocrx_word' id='word_1_157' title='bbox 758 1618 839 1643; x_wconf 90' lang='lat' dir='ltr'>non</span> <span class='ocrx_word' id='word_1_158' title='bbox 869 1605 998 1643; x_wconf 73' lang='lat' dir='ltr'>fecit?</span> <span class='ocrx_word' id='word_1_159' title='bbox 1030 1605 1126 1656; x_wconf 88' lang='lat' dir='ltr'>quin</span> <span class='ocrx_word' id='word_1_160' title='bbox 1156 1608 1200 1643; x_wconf 84' lang='lat' dir='ltr'>tu</span> <span class='ocrx_word' id='word_1_161' title='bbox 1227 1603 1271 1642; x_wconf 88' lang='lat' dir='ltr'>id</span> <span class='ocrx_word' id='word_1_162' title='bbox 1296 1604 1359 1642; x_wconf 90' lang='lat' dir='ltr'>me</span> 
     </span>
     <span class='ocr_line' id='line_1_24' title="bbox 689 1671 839 1721; baseline -0.007 -13"><span class='ocrx_word' id='word_1_163' title='bbox 689 1683 808 1721; x_wconf 81' lang='lat' dir='ltr'>rogas</span> <span class='ocrx_word' id='word_1_164' title='bbox 820 1671 839 1707; x_wconf 71' lang='lat'><strong>2</strong></span> 
     </span>
    </p>

    <p class='ocr_par' dir='ltr' id='par_1_22' title="bbox 88 1733 883 1787">
     <span class='ocr_line' id='line_1_25' title="bbox 88 1733 883 1787; baseline 0.003 -16"><span class='ocrx_word' id='word_1_165' title='bbox 88 1733 364 1773; x_wconf 71' lang='lat' dir='ltr'>Primumdum</span> <span class='ocrx_word' id='word_1_166' title='bbox 379 1736 528 1774; x_wconf 86' lang='lat' dir='ltr'>infitias</span> <span class='ocrx_word' id='word_1_167' title='bbox 546 1738 606 1774; x_wconf 80' lang='lat' dir='ltr'>ire</span> <span class='ocrx_word' id='word_1_168' title='bbox 624 1737 760 1787; x_wconf 83' lang='lat' dir='ltr'>eoepit</span> <span class='ocrx_word' id='word_1_169' title='bbox 776 1735 883 1774; x_wconf 87' lang='lat' dir='ltr'>filio:</span> 
     </span>
    </p>

    <p class='ocr_par' dir='ltr' id='par_1_23' title="bbox 88 1798 1358 1848">
     <span class='ocr_line' id='line_1_26' title="bbox 88 1798 1358 1848; baseline 0.002 -12"><span class='ocrx_word' id='word_1_170' title='bbox 88 1798 247 1848; x_wconf 77' lang='lat' dir='ltr'>Negare</span> <span class='ocrx_word' id='word_1_171' title='bbox 264 1811 306 1837; x_wconf 90' lang='lat' dir='ltr'>se</span> <span class='ocrx_word' id='word_1_172' title='bbox 324 1799 522 1839; x_wconf 88' lang='lat' dir='ltr'>dehibere</span> <span class='ocrx_word' id='word_1_173' title='bbox 540 1802 615 1839; x_wconf 90' lang='lat' dir='ltr'>tibi</span> <span class='ocrx_word' id='word_1_174' title='bbox 630 1799 865 1840; x_wconf 72' lang='lat' dir='ltr'>tridbulum.</span> <span class='ocrx_word' id='word_1_175' title='bbox 1291 1806 1358 1840; x_wconf 83' lang='grc'>260</span> 
     </span>
    </p>

    <p class='ocr_par' dir='ltr' id='par_1_24' title="bbox 91 1863 1137 1919">
     <span class='ocr_line' id='line_1_27' title="bbox 91 1863 1137 1919; baseline 0.001 -17"><span class='ocrx_word' id='word_1_176' title='bbox 91 1863 292 1902; x_wconf 82' lang='lat' dir='ltr'>Continuo</span> <span class='ocrx_word' id='word_1_177' title='bbox 310 1864 397 1916; x_wconf 78' lang='lat' dir='ltr'>[ibi]</span> <span class='ocrx_word' id='word_1_178' title='bbox 415 1867 621 1918; x_wconf 87' lang='lat' dir='ltr'>antiquom</span> <span class='ocrx_word' id='word_1_179' title='bbox 637 1868 842 1919; x_wconf 73' lang='lat' dir='ltr'>hospitem</span> <span class='ocrx_word' id='word_1_180' title='bbox 858 1865 1043 1904; x_wconf 71' lang='lat' dir='ltr'>nostrum</span> <span class='ocrx_word' id='word_1_181' title='bbox 1060 1866 1137 1903; x_wconf 90' lang='lat' dir='ltr'>sibi</span> 
     </span>
    </p>

    <p class='ocr_par' dir='ltr' id='par_1_25' title="bbox 89 1927 1055 1984">
     <span class='ocr_line' id='line_1_28' title="bbox 89 1927 1055 1984; baseline 0.004 -19"><span class='ocrx_word' id='word_1_182' title='bbox 89 1927 369 1968; x_wconf 84' lang='lat' dir='ltr'>Mnesilochus</span> <span class='ocrx_word' id='word_1_183' title='bbox 387 1930 611 1983; x_wconf 70' lang='lat' dir='ltr'>aduocauit,</span> <span class='ocrx_word' id='word_1_184' title='bbox 631 1931 880 1984; x_wconf 82' lang='lat' dir='ltr'>Pelagonem</span> <span class='ocrx_word' id='word_1_185' title='bbox 896 1944 1055 1970; x_wconf 91' lang='lat' dir='ltr'>senem:</span> 
     </span>
    </p>

    <p class='ocr_par' dir='ltr' id='par_1_26' title="bbox 88 1993 1227 2052">
     <span class='ocr_line' id='line_1_29' title="bbox 88 1993 1227 2052; baseline 0.006 -22"><span class='ocrx_word' id='word_1_186' title='bbox 88 1993 148 2031; x_wconf 85' lang='lat' dir='ltr'>Eo</span> <span class='ocrx_word' id='word_1_187' title='bbox 165 1995 381 2046; x_wconf 86' lang='lat' dir='ltr'>praesente</span> <span class='ocrx_word' id='word_1_188' title='bbox 397 1997 550 2037; x_wconf 91' lang='lat' dir='ltr'>homini</span> <span class='ocrx_word' id='word_1_189' title='bbox 567 1999 770 2052; x_wconf 78' lang='lat' dir='ltr'>extemplo</span> <span class='ocrx_word' id='word_1_190' title='bbox 788 1998 970 2038; x_wconf 84' lang='lat' dir='ltr'>ostendit</span> <span class='ocrx_word' id='word_1_191' title='bbox 986 1997 1227 2049; x_wconf 69' lang='lat' dir='ltr'>siimbulum,</span> 
     </span>
    </p>

    <p class='ocr_par' dir='ltr' id='par_1_27' title="bbox 90 2060 1011 2108">
     <span class='ocr_line' id='line_1_30' title="bbox 90 2060 1011 2108; baseline 0.008 -11"><span class='ocrx_word' id='word_1_192' title='bbox 90 2060 218 2108; x_wconf 87' lang='lat' dir='ltr'>Quem</span> <span class='ocrx_word' id='word_1_193' title='bbox 235 2062 324 2099; x_wconf 73' lang='lat' dir='ltr'>txite</span> <span class='ocrx_word' id='word_1_194' title='bbox 342 2061 513 2102; x_wconf 84' lang='lat' dir='ltr'>dederas</span> <span class='ocrx_word' id='word_1_195' title='bbox 529 2063 579 2102; x_wconf 85' lang='lat' dir='ltr'>a&#39;d</span> <span class='ocrx_word' id='word_1_196' title='bbox 595 2077 686 2104; x_wconf 91' lang='lat' dir='ltr'>eum</span> <span class='ocrx_word' id='word_1_197' title='bbox 702 2071 746 2104; x_wconf 90' lang='lat' dir='ltr'>ut</span> <span class='ocrx_word' id='word_1_198' title='bbox 761 2066 894 2104; x_wconf 88' lang='lat' dir='ltr'>ferret</span> <span class='ocrx_word' id='word_1_199' title='bbox 911 2064 1011 2104; x_wconf 63' lang='lat' dir='ltr'>filio.</span> 
     </span>
    </p>

    <p class='ocr_par' dir='ltr' id='par_1_28' title="bbox 88 2125 1355 2234">
     <span class='ocr_line' id='line_1_31' title="bbox 88 2125 1355 2175; baseline 0.003 -12"><span class='ocrx_word' id='word_1_200' title='bbox 88 2125 151 2164; x_wconf 71' lang='lat' dir='ltr'>NI.</span> <span class='ocrx_word' id='word_1_201' title='bbox 193 2125 319 2175; x_wconf 63' lang='lat' dir='ltr'>Quid,</span> <span class='ocrx_word' id='word_1_202' title='bbox 349 2127 417 2164; x_wconf 67' lang='lat' dir='ltr'>libi</span> <span class='ocrx_word' id='word_1_203' title='bbox 448 2129 486 2165; x_wconf 88' lang='lat' dir='ltr'>ei</span> <span class='ocrx_word' id='word_1_204' title='bbox 522 2129 702 2168; x_wconf 88' lang='lat' dir='ltr'>ostendit</span> <span class='ocrx_word' id='word_1_205' title='bbox 733 2130 961 2170; x_wconf 70' lang='lat' dir='ltr'>siimbulum</span> <span class='ocrx_word' id='word_1_206' title='bbox 973 2131 992 2167; x_wconf 68' lang='lat'>‘3</span> <span class='ocrx_word' id='word_1_207' title='bbox 1049 2130 1134 2169; x_wconf 82' lang='lat' dir='ltr'>GH.</span> <span class='ocrx_word' id='word_1_208' title='bbox 1171 2130 1264 2168; x_wconf 87' lang='lat' dir='ltr'>Infit</span> <span class='ocrx_word' id='word_1_209' title='bbox 1295 2129 1355 2167; x_wconf 75' lang='lat' dir='ltr'>di-</span> 
     </span>
     <span class='ocr_line' id='line_1_32' title="bbox 689 2199 1353 2234; baseline 0 -1"><span class='ocrx_word' id='word_1_210' title='bbox 689 2207 783 2233; x_wconf 87' lang='lat' dir='ltr'>cere</span> <span class='ocrx_word' id='word_1_211' title='bbox 1288 2199 1353 2234; x_wconf 77' lang='grc'>265</span> 
     </span>
    </p>

    <p class='ocr_par' dir='ltr' id='par_1_29' title="bbox 86 2254 1012 2305">
     <span class='ocr_line' id='line_1_33' title="bbox 86 2254 1012 2305; baseline 0.003 -12"><span class='ocrx_word' id='word_1_212' title='bbox 86 2254 388 2305; x_wconf 68' lang='lat' dir='ltr'>Adiilterinum,</span> <span class='ocrx_word' id='word_1_213' title='bbox 405 2258 485 2295; x_wconf 74' lang='lat' dir='ltr'>non</span> <span class='ocrx_word' id='word_1_214' title='bbox 505 2270 643 2297; x_wconf 87' lang='lat' dir='ltr'>uerum</span> <span class='ocrx_word' id='word_1_215' title='bbox 658 2272 748 2298; x_wconf 85' lang='lat' dir='ltr'>esse</span> <span class='ocrx_word' id='word_1_216' title='bbox 766 2259 1012 2298; x_wconf 73' lang='lat' dir='ltr'>sumbulum:</span> 
     </span>
    </p>
   </div>
   <div class='ocr_carea' id='block_1_5' title="bbox 1034 2324 1084 2362">
    <p class='ocr_par' dir='ltr' id='par_1_30' title="bbox 1034 2324 1084 2362">
     <span class='ocr_line' id='line_1_34' title="bbox 1034 2324 1084 2362; baseline 0 -18"><span class='ocrx_word' id='word_1_217' title='bbox 1034 2324 1084 2362; x_wconf 69' lang='grc' dir='ltr'>ὃ*</span> 
     </span>
    </p>
   </div>
  </div>
 </body>
</html>
