1511 2502
134 114 212 154 102
609 113 637 151 Ρ
663 113 690 152 L
720 118 752 153 A
783 114 814 151 V
844 114 872 152 T
902 113 919 152 1
1126 125 1226 158 11112
1249 124 1398 159 25—49

185 227 272 265 ΠΕ.
313 227 419 265 Mira
449 224 601 277 edepol
638 230 731 263 sunt
769 226 811 262 ni
846 225 912 263 hic
939 226 982 263 in
1011 232 1198 265 uentrem
1229 227 1398 278 sumpsit

734 289 1031 330 confidentiam.
1328 297 1395 331 805

188 357 275 396 vae
298 357 448 394 misero
469 355 555 407 illi,
587 355 729 407 quoius
755 356 844 393 cibo
862 356 939 393 iste
955 356 1106 394 factust
1122 357 1396 408 imperiosior.

188 422 270 460 ER.
303 422 407 460 Tum
422 423 601 473 pistores
618 421 865 472 scrdfipasci‚
896 424 964 472 qui
988 420 1101 459 alunt
1122 422 1272 459 furfuri
1289 433 1395 470 sueS,

192 487 367 535 Quarum
390 486 517 525 odore
537 487 768 538 prae'terire
790 486 908 523 nemo
925 486 1141 536 pistrinum
1157 492 1314 538 potest:

188 541 340 591 Eorum
356 554 389 590 si
407 554 669 604 quoiusquam
686 551 859 590 scrofam
876 552 919 588 in
943 551 1107 603 puplico
1134 553 1398 604 conspexero,

189 608 249 656 Ex
265 618 363 669 ipsis
380 617 550 657 dominis
572 619 673 656 meis
688 618 833 669 pugnis
855 615 1070 655 exculcabo
1091 617 1285 655 furfures.
1332 622 1400 656 810

191 683 277 722 ΗΕ.
306 682 500 722 Basilicas
519 683 744 722 edictiones
762 685 883 733 atque
898 683 1138 734 imperiosas
1154 683 1288 721 habet.

191 748 311 786 Satur
326 748 500 798 homost,
525 749 649 786 habet
672 748 860 799 profecto
876 748 918 785 in
934 747 1080 785 uentre
1099 747 1386 786 confidentiam

190 814 272 850 ER.
307 812 411 850 Tum
438 814 686 864 piscatores,
726 813 793 863 qui
822 812 1067 863 praehibent
1094 811 1245 864 populo
1276 814 1399 864 piscis

736 875 927 926 foetidos,

190 942 268 990 Qui
283 940 540 979 aduehuntur
558 939 883 992 quadrupedanti
907 940 1103 979 crucianti
1121 941 1345 992 cantherio,

193 1006 373 1054 Quorum
384 1005 482 1043 odos
495 1004 812 1044 subbasilicanos
830 1007 957 1043 omnis
969 1006 1093 1056 abigit
1105 1008 1144 1043 in
1155 1006 1309 1045 forum:
1333 1012 1400 1046 815

191 1061 262 1110 Eis
278 1084 353 1122 ego
372 1084 442 1109 ora
457 1071 685 1109 uerberabo
705 1070 920 1122 surpiculis
935 1072 1133 1123 piscariis,

193 1127 247 1175 Vt
263 1138 407 1187 sciant,
425 1135 557 1174 alie'no
575 1149 671 1174 naso
690 1149 805 1187 quam
831 1137 1047 1174 exhibeant
1064 1135 1302 1174 molestiam.

194 1202 300 1240 Tum
315 1200 416 1239 lanii
432 1206 563 1239 autem
575 1230 586 1251 ,
619 1203 686 1252 qui
704 1203 945 1240 concinnant
962 1200 1104 1240 liberis
1122 1202 1240 1240 orbas
1257 1203 1358 1251 ouis,

193 1269 270 1317 Qui
285 1267 424 1306 locant
440 1266 671 1305 caedundos
697 1280 819 1318 agnos
837 1269 877 1305 e't
894 1267 1015 1319 dupla
1033 1268 1217 1318 agninam
1233 1266 1399 1318 danunt,

193 1334 270 1382 Qui
284 1334 448 1384 petroni
464 1335 611 1371 nomen
626 1333 772 1371 indunt
787 1335 952 1371 uerueci
969 1334 1163 1372 sectzirio:
1333 1339 1401 1372 820

193 1389 295 1436 Eum
311 1410 386 1448 ego
404 1399 437 1436 si
454 1399 496 1435 in
512 1399 575 1436 uia
590 1404 806 1449 petronem
826 1398 987 1450 puplica
1004 1399 1266 1450 conspexero,

194 1453 246 1500 Et
273 1467 489 1514 petronem
517 1468 558 1500 et
590 1462 793 1500 dominum
832 1462 999 1500 reddam
1039 1462 1222 1501 mortalis
1258 1464 1400 1501 mise‘r-

743 1540 889 1565 rumos.

195 1594 282 1631 HE.
324 1593 460 1644 Euge:
506 1594 734 1632 edictiones
773 1593 980 1632 aedilicias
1014 1593 1131 1645 [pol]
1171 1594 1294 1631 habet
1333 1593 1400 1630 hic

741 1660 924 1711 quidem:

190 1725 422 1775 Mirumque
455 1723 598 1762 adeost
626 1726 668 1762 ni
701 1725 808 1762 hunc
832 1724 969 1763 Aetoli
995 1725 1070 1763 sibi
1092 1724 1233 1763 fecere
1259 1726 1398 1774 agora-

738 1802 910 1827 nemum.

189 1854 271 1892 ER.
302 1854 392 1892 Non
420 1867 495 1905 ego
519 1867 624 1892 nunc
648 1857 847 1906 parasitus
873 1869 972 1904 sum,
1003 1860 1065 1893 set
1091 1856 1230 1904 re'gum
1247 1866 1318 1892 rex
1333 1866 1398 1891 re-

737 1920 890 1971 galior:
1330 1926 1397 1960 825

189 1985 343 2024 Tantus
360 1988 495 2025 uentri
514 1989 745 2026 conmeatus
761 1988 849 2025 meo
868 1986 983 2024 adest
1006 1987 1048 2024 in
1062 1987 1185 2037 portt'i
1202 1988 1326 2025 cibus.

188 2052 260 2090 set
278 2064 352 2102 ego
371 2065 485 2090 cesso
502 2054 609 2091 hunc
624 2054 852 2104 Hegionem
869 2056 1040 2091 onerare
1055 2051 1211 2090 laetitia
1229 2054 1396 2091 senem?

189 2116 268 2165 Qui
278 2116 442 2155 homine
456 2117 692 2168 [hominum]
708 2117 886 2168 adaeque
897 2130 1014 2155 nemo
1029 2118 1128 2155 uiuit
1138 2118 1394 2155 fortunatior.

189 2181 275 2218 ΗΕ.
309 2181 420 2230 Quae'
439 2181 562 2221 illaec
579 2189 641 2221 est
665 2182 847 2233 laetitia,
879 2196 994 2233 quam
1022 2182 1109 2220 illic
1123 2181 1255 2220 lae'tus
1271 2181 1395 2232 largi-

733 2248 801 2285 t1'1r
825 2247 954 2285 mihi?
