1511 2502
33 117 231 154 11153—81
292 150 301 159 ,,
435 105 899 146 CVRCVLIO.
1223 107 1299 146 141

146 220 270 272 Cape,
288 222 443 270 signum
456 230 590 256 nosce.
619 216 786 255 nostin?
815 217 898 256 LV.
918 216 1025 266 Quid
1036 219 1076 255 ni
1087 220 1269 256 nouerim
1283 219 1302 255 ’ἓ

145 284 367 337 ClupeAtus
384 283 645 335 elephantum
666 282 732 320 ubi
750 282 963 320 machaera
981 281 1149 321 dissicit.

146 352 229 391 CV.
262 349 379 401 Quod
403 351 496 388 istic
513 350 709 401 scriptum
728 353 850 397 esset,
873 347 914 386 id
929 353 971 386 te
989 361 1107 387 orare
1126 350 1301 387 iusserat

143 418 337 456 Profecto
353 420 396 454 ut
412 416 586 467 faceres²
609 413 718 454 suam
735 416 769 453 si
785 412 919 452 uelles
935 415 1116 465 gratiam.
1233 421 1301 454 425

142 482 226 522 LV.
268 480 478 520 Concede:
515 481 728 532 inspiciam
757 479 854 531 quid
881 480 935 518 sit
961 481 1169 532 scriptum.
1216 480 1298 520 CV.

633 545 822 584 Maxume

145 611 233 650 Tuo
252 612 464 661 arbitratu,
483 610 576 648 dum
594 610 774 648 miseram
792 622 861 662 aps
877 614 920 648 te
935 608 979 648 id
995 609 1104 661 quod
1119 616 1228 662 peto.

143 675 225 715 LV.
257 675 396 715 ‘Miles
413 676 568 715 Luconi
589 676 630 713 in
647 665 852 726 Epidauro
874 674 1055 726 [hospes]
1074 675 1224 726 hospiti

144 742 224 779 Suo
244 741 278 779 T
283 742 628 793 he‘rapontigonus
644 738 929 790 Platagidorus
945 739 1172 791 plur-'umam
1234 743 1301 777 430

145 806 324 845 Salutem
341 806 470 846 dicit!
500 805 584 846 CV.
608 804 726 844 Meus
744 804 810 842 hic
827 808 904 854 est,
922 804 1084 842 hamum
1101 811 1228 841 uorat.

141 871 224 911 LV.
255 871 426 910 ‘Tecum
444 873 514 911 oro
533 876 574 909 et
592 883 755 922 quaeso,
779 870 845 920 qui
862 870 933 907 has
949 867 1121 907 tabellas·
1139 867 1300 906 adferet

146 937 255 987 Tibi,
278 939 321 976 1‘1t
337 938 376 976 ei
393 937 512 976 detur
530 939 645 987 quam
661 937 754 975 istic
773 936 852 974 emi
867 936 1080 986 uirginem‚

143 1001 260 1051 Quod
275 1002 318 1039 te
333 1006 552 1054 praesente
568 1002 637 1040 isti
655 1002 719 1052 e'gi
736 1005 860 1052 teque
876 1000 1120 1052 interprete,

143 1068 196 1106 Et
213 1068 353 1105 aurum
370 1071 412 1104 et
429 1071 597 1104 uestem.
627 1067 706 1104 iam
720 1066 798 1104 scis
816 1070 859 1102 ut
876 1065 1128 1103 conuenerit.
1236 1070 1301 1103 435

143 1133 368 1182 Argentum
385 1131 456 1170 des
473 1132 612 1170 lenoni
631 1131 703 1181 [et]
726 1130 820 1168 huic
838 1129 910 1168 des
929 1130 1159 1180 uirginem.’

144 1197 224 1237 Vbi
240 1197 400 1249 ipsust?
431 1209 532 1247 quor
547 1209 629 1234 non
645 1195 788 1234 uenit?
820 1194 904 1234 GV.
929 1195 1016 1245 Ego
1035 1193 1165 1233 dicam
1180 1195 1274 1232 tibi:

145 1262 189 1301 In
207 1262 364 1301 Cariam
382 1262 473 1311 quia
488 1261 807 1313 nudiusquartus
824 1261 1008 1298 uenimus

146 1326 207 1364 Ex
221 1315 354 1364 india:
385 1326 442 1364 ibi
458 1339 564 1364 nunc
579 1329 753 1364 statuam
769 1324 857 1363 uolt
873 1324 971 1363 dare
989 1327 1152 1364 auream

147 1389 324 1428 Solidaeim
340 1389 568 1429 faciundam
584 1403 633 1429 ex
649 1392 746 1429 auro
763 1389 971 1443 Philippo,
995 1393 1096 1442 quae
1111 1392 1189 1430 siet
1236 1395 1304 1430 ΗΟ

147 1453 486 1507 SeptempedaliS,
503 1454 620 1493 factis
636 1456 930 1493 monimentum
948 1457 1041 1494 suis.

145 1520 229 1560 LV.
259 1521 385 1571 Quam
409 1522 458 1559 ob
476 1533 563 1559 rem
588 1524 691 1559 istuc
703 1521 722 1558 ‘3
767 1521 850 1560 GV.
881 1521 1042 1561 Dicam:
1076 1525 1167 1575 quia
1197 1522 1303 1561 enim

637 1588 783 1626 Persas
800 1587 1078 1640 Paphlagonas

148 1653 317 1705 Sindpas
333 1653 490 1691 Arabes
507 1653 630 1691 Caras
647 1652 845 1692 Oretanos
863 1653 988 1692 Suros

147 1717 345 1757 Rhodiam
361 1719 482 1769 atque
497 1718 676 1769 Luciam,
693 1718 909 1758 Perediam
927 1724 967 1758 et
984 1720 1199 1770 Bibesiam‚

148 1783 551 1822 Centauromachiam
569 1788 611 1822 et
625 1783 818 1824 Classiam
835 1785 1152 1825 Vnomammiam
1236 1792 1303 1825 445

146 1847 394 1898 Libuamque
409 1853 535 1887 totam
552 1848 624 1901 [et]
643 1851 801 1888 omnem
819 1850 1212 1900 Conterebrdmhm,

148 1911 362 1951 Dimidiam
377 1918 534 1964 partem
550 1916 757 1954 nationum
774 1928 902 1967 usque
920 1917 1095 1954 omnium

151 1976 318 2027 Subegit
335 1977 443 2016 solus
460 1981 566 2018 intra
581 1981 726 2031 uiginti
744 1980 843 2019 dies.

149 2041 232 2081 LV.
264 2042 364 2082 Vah.
398 2043 479 2082 CV.
505 2043 606 2094 Quid
623 2046 803 2084 mirare?
833 2045 916 2085 LV.
941 2045 1040 2094 Quia
1057 2046 1165 2084 enim
1180 2046 1222 2083 in
1240 2058 1303 2083 ca-

628 2123 703 2149 uea
720 2112 753 2149 si
768 2111 906 2149 forent

152 2170 366 2210 Concliissi
386 2171 478 2224 [illi]
496 2173 636 2213 itidem
654 2181 697 2214 ut
711 2175 815 2228 palli
838 2175 1065 2227 gallinacei,
1236 2180 1304 2213 450

149 2235 206 2273 Ita
222 2237 303 2274 non
320 2241 492 2289 potuere
509 2251 587 2276 uno
607 2241 708 2278 anno
727 2241 992 2279 circumfrier.
