1511 2502
30 17 345 104 5ml232—53
455 52 979 95 PSEVDVLVS.
1274 51 1356 91 209

194 171 328 210 Purus
344 173 464 222 putus
481 171 544 207 est
559 167 688 218 ipsus:
724 165 830 202 noui.
865 165 990 215 heus,
1015 163 1356 202 Polumachaero-

714 229 870 268 laoides

197 300 350 339 Nomen
385 303 458 337 cst.
513 296 570 335 Sl.
613 243 712 334 Scit?
734 260 812 333 ianm
840 296 917 333 tibi
949 306 1013 333 me
1045 295 1159 333 recte
1192 293 1355 333 dedisse

693 359 923 413 epistulam,
1289 365 1356 399 990

198 430 417 481 Postquam
444 426 971 481 Polumachae'roplagidem
1000 427 1183 466 elocutus
1208 430 1353 465 nomen

691 503 746 530 es.

197 560 277 598 BA.
309 557 414 609 Quid
444 559 477 596 is
503 557 614 608 agit?
669 556 726 595 SI.
757 554 874 605 Quod
903 556 1022 593 homo
1055 554 1204 607 edepol
1234 556 1354 594 fortis

693 624 813 672 atque
830 619 1009 659 bellator
1024 622 1190 672 probus,

201 691 273 729 Se't
295 700 473 741 propera
497 689 599 726 hanc
623 686 835 741 pellegere
862 699 1010 738 quaeso
1030 686 1265 738 epistulam:
1299 690 1356 726 ita

689 752 958 804 negotiumst:

202 810 335 871 A'tque
374 820 561 871 accipere
600 817 810 868 argentum
850 821 1026 855 actutum
1059 816 1355 869 mulieremque

692 884 895 922 emittere.

202 951 300 989 Nam
321 949 443 989 hodie
467 949 632 988 Sicuoni
647 952 857 988 necessest
873 949 936 987 me
953 961 1044 987 esse
1062 953 1128 987 aut
1146 962 1233 988 cras
1249 962 1355 987 mor-

691 1019 773 1053 tem
792 1015 956 1064 exequi:
1289 1020 1352 1054 9952

201 1071 258 1119 ita
290 1093 383 1119 erus
413 1092 525 1119 meus
561 1085 624 1119 est
657 1081 897 1132 inperiosus.
957 1080 1038 1118 BA.
1078 1080 1209 1118 Noui:
1248 1082 1354 1118 notis

690 1144 913 1198 praedicas.

200 1212 257 1250 Sl.
288 1212 469 1263 Propera
485 1210 696 1263 pellegere
715 1212 810 1262 ergo
829 1209 1054 1262 epistulam.
1097 1210 1178 1250 BA.
1206 1200 1251 1249 id
1268 1223 1353 1262 ago.

697 1279 730 1316 si
747 1281 882 1316 taceas
898 1276 1029 1316 modo.

258 1342 398 1382 ‘Miles
413 1342 553 1381 lenoni
568 1341 744 1381 Ballioni
762 1341 976 1394 epistulam

258 1409 538 1460 Conscriptam
555 1409 680 1446 mittit
696 1407 1216 1459 Polumachaeroplzigides,

257 1473 432 1522 Imagine
448 1473 697 1524 opsignatam
715 1486 815 1524 quae
832 1474 942 1511 inter
956 1475 1029 1511 nos
1047 1473 1123 1511 duo
1268 1482 1356 1515 1000

258 1539 461 1577 Conuenit
477 1537 606 1578 olim.'
652 1538 708 1577 SI.
741 1537 978 1577 Sssmbulust
998 1539 1039 1576 in
1057 1538 1241 1591 epistula.

256 1605 338 1644 BA.
370 1603 502 1644 Video
522 1606 563 1643 et
579 1618 779 1656 cognosco
796 1607 964 1656 signum.
1001 1610 1063 1643 set
1079 1606 1121 1643 in
1139 1605 1311 1658 epistula

255 1668 417 1708 Nullam
433 1668 607 1708 salutem
622 1672 786 1708 mittere
805 1672 1021 1722 ascriplam
1039 1669 1146 1708 solet
1157 1671 1176 1708 ⁸?

256 1734 312 1773 SI.
344 1735 402 1772 lta
419 1732 607 1772 militaris
625 1733 892 1786 disciplinast,
908 1734 1060 1773 Ballio:

255 1799 380 1839 Mami
397 1798 567 1837 salutem
583 1801 749 1838 mittunt
765 1801 869 1838 bene
886 1799 1134 1850 uolentibus,
1267 1808 1353 1840 1005

253 1863 407 1902 Eade'm
422 1862 565 1901 malam
581 1876 668 1902 rem
684 1865 849 1902 mittunt
865 1863 969 1902 male
986 1863 1232 1906 uolentibus,
1284 1861 1288 1864 ⁴

254 1928 326 1967 Set
342 1934 385 1967 ut
403 1931 611 1981 occepisti,
630 1931 757 1981 perge
775 1943 899 1982 opera
915 1931 1158 1982 experirier‚

255 1993 361 2043 Quid
378 1993 552 2045 epistula
566 1995 643 2033 ista
659 1997 811 2033 narret.
855 1996 937 2034 BA.
970 1994 1167 2034 Ausculta
1182 1995 1314 2036 modo.

252 2058 433 2110 ‘Harpax
450 2057 603 2097 calator
618 2060 730 2098 meus
748 2064 810 2098 est
828 2059 877 2098 ad
893 2064 934 2098 te
953 2062 1021 2111 qui
1036 2061 1151 2099 uenit
1167 2093 1175 2100 .
1195 2065 1221 2102 .'

253 2123 372 2161 Tune
405 2125 447 2161 es
478 2125 512 2162 is
543 2125 735 2176 Harpax?
781 2125 838 2164 SI.
862 2115 948 2176 Ego
979 2138 1085 2164 sum:
1117 2131 1239 2178 atque
1264 2128 1352 2179 ipse

687 2191 851 2242 Harpax
869 2191 1044 2242 quidem.
1263 2198 1352 2232 1010

139 2252 326 2290 varvs
352 2253 399 2290 11.
1033 2261 1075 2294 14
