1511 2502
155 136 209 176 52

161 1775 197 1845 v:
244 1818 309 1854 127
335 1820 380 1852 ad
404 1818 470 1853 132
497 1821 610 1853 cretici
633 1820 814 1853 tetrametri
838 1818 1012 1851 acatalecti

510 134 726 173 PLAVTI
760 134 1078 175 ASINARIA.
1193 147 1226 179 V
1249 146 1271 180 2
1294 144 1431 181 87—-97

211 247 295 288 DE.
334 245 447 286 Male
473 246 759 286 cubandumst:
800 246 1024 287 iudicatum
1049 261 1115 288 me
1139 250 1240 288 uxor
1267 248 1431 288 abducit

767 312 939 353 domum.

210 377 336 419 ARG.
367 378 574 429 Dicebam,
597 378 730 430 pater,
759 378 904 417 tibine
919 379 1040 417 matri
1057 376 1295 418 consuleres
1310 377 1429 418 male.

212 444 299 483 PH.
330 443 392 482 De
407 442 516 496 palla
531 444 750 496 memento,
767 445 919 484 amabo.
965 444 1050 484 DE.
1073 444 1201 484 Iuben
1215 445 1321 483 hanc
1335 445 1432 483 hinc

786 509 1043 562 apscedere?

213 574 338 614 ART.
375 564 583 613 idomum.
627 574 714 616 PH.
743 575 803 614 Da
833 578 988 615 sanium
1019 577 1142 615 etiam
1170 577 1284 629 prius
1315 589 1432 628 quam

783 643 879 681 abis.
903 642 987 683 DE.
1005 642 1084 682 Abi
1101 644 1143 681 1‘n
1160 655 1336 684 crucem.
1363 647 1432 683 940

212 706 299 745 PH.
342 695 466 744 I'mmo
504 707 641 757 potius
680 709 810 746 intro:
855 720 1030 758 sequere
1060 708 1159 760 hac,
1200 711 1256 747 m1'
1287 709 1431 748 anime.

763 772 884 812 ARG.
917 773 1004 823 Ego
1020 775 1120 812 uero
1137 785 1300 824 sequor.

643 958 944 998 CATERVA.

212 1060 291 1098 Hic
310 1072 436 1099 senex
453 1058 587 1112 siquid
603 1058 707 1099 clam
722 1071 890 1098 uxorem
906 1061 980 1100 siio
997 1060 1128 1099 animo
1147 1060 1248 1100 feeit
1263 1059 1402 1113 uolup,

213 1126 356 1177 Neque
381 1138 530 1166 nouom
553 1138 688 1178 neque
712 1127 857 1164 mirum
880 1126 982 1165 fecit
997 1126 1074 1165 nec
1091 1120 1208 1165 secus
1226 1139 1342 1178 quam
1360 1124 1429 1168 alii

766 1189 912 1231 solent.

212 1256 248 1295 N
251 1257 297 1296 ec
336 1257 586 1308 quisquamst
621 1261 702 1295 tam
739 1257 904 1308 ingenio
945 1255 1047 1295 duro
1084 1257 1161 1295 nec
1195 1259 1277 1295 tam
1309 1257 1426 1296 firmo

763 1323 948 1375 pectore,

212 1388 330 1438 Quin,
347 1389 416 1426 ubi
435 1390 608 1439 quicque
627 1388 871 1426 occassionis
888 1390 955 1438 sit,
973 1388 1052 1426 sibi
1066 1387 1190 1425 faciat
1204 1388 1322 1426 bene.
1360 1393 1427 1429 945

210 1452 246 1490 N
250 1453 327 1491 {mc
342 1453 377 1491 si
393 1451 516 1491 uoltis
534 1452 749 1505 deprecari
764 1454 859 1492 huic
876 1453 965 1491 seni
979 1465 1032 1493 ne
1048 1450 1230 1504 uapulet‚

210 1517 363 1556 Remur
380 1518 582 1570 inpetrari
596 1531 732 1571 posse,
748 1518 955 1571 plaiissum
970 1520 1004 1557 si
1021 1517 1176 1557 clanim
1193 1517 1309 1558 datis.

377 1695 534 1739 METRA
558 1695 695 1739 flvlvs
721 1694 923 1738 FABVLAE
946 1695 1063 1739 HAEC
1086 1695 1198 1740 SVNT

290 1775 307 1806 1
335 1774 379 1806 ad
405 1772 472 1808 126
496 1775 630 1806 iambici
653 1775 777 1807 senarii

179 1886 192 1890 -
244 1864 310 1898 153
334 1865 534 1898 bacchiacus
557 1871 746 1898 tetrameter
768 1865 967 1898 acataIectus

180 1932 192 1936 -
244 1911 311 1944 134
335 1912 379 1944 ad
404 1910 469 1945 137
494 1913 606 1944 cretici
631 1913 813 1944 tetrametri
837 1910 1008 1944 acataleeti

179 1977 193 1983 -
244 1955 310 1990 138
334 1958 378 1990 ad
401 1955 470 1991 380
495 1958 653 1991 trochaici
678 1958 857 2000 septenarii

179 2023 193 2028 -
241 2002 309 2036 381
333 2005 376 2036 ad
398 2002 466 2037 503
490 2005 624 2037 iambici
649 2004 827 2046 septenarii

180 2068 193 2073 -
243 2048 311 2081 504
334 2050 378 2082 ad
400 2048 469 2082 544
490 2050 652 2083 trochaici
678 2049 861 2092 septenarii

180 2115 193 2119 -
243 2093 309 2127 545
335 2096 379 2128 ad
403 2094 470 2129 745
495 2097 629 2128 iambici
652 2096 836 2138 septenarii

180 2159 195 2166 ·
243 2138 310 2173 746
335 2141 379 2173 ad
401 2140 470 2175 829
493 2142 628 2174 iambici
650 2142 774 2174 senarii

180 2206 194 2212 -
241 2183 310 2219 830
331 2187 376 2219 ad
398 2185 468 2220 850
491 2188 624 2220 iambici
648 2187 809 2220 octonarii

179 2252 194 2258 -
241 2230 307 2264 851
335 2233 377 2264 ad
401 2231 468 2266 947
494 2234 655 2266 trochaici
681 2231 875 2275 septenarii.
