1511 2502
61 149 297 185 V229-53
472 135 924 178 ASINARIA.
1281 134 1336 175 49

117 253 219 293 Cn'un
237 265 387 292 corona
402 249 627 303 amplexum
643 248 824 312 amicarn,
836 249 871 286 si
882 247 1038 299 uideas,
1055 249 1336 298 cognoscere?

116 318 240 358 ART.
271 318 442 356 Possum
457 318 630 355 ecastor.
671 313 756 355 PA.
785 315 849 352 En
866 314 943 353 tibi
958 314 1176 353 hominem.
1206 314 1333 355 ART.

665 379 790 417 Perii.
840 379 923 419 PA.
956 377 1173 432 Paulisper
1197 392 1335 418 mane:

116 450 374 501 Aucupemus
392 448 440 486 ex
453 445 615 485 insidiis
633 444 861 484 clanculum
878 457 995 496 quam
1011 445 1098 484 rem
1115 449 1272 496 gerant.

117 515 240 555 ARG.
268 514 375 566 Quid
388 513 513 565 modi,
530 515 664 566 pater,
683 510 949 564 amplexando
970 511 1129 550 facies?
1158 511 1242 551 DE.
1259 510 1338 550 Fa-

665 581 771 629 teor,
790 580 911 629 gnfite
927 578 982 616 mi
999 609 1007 618 .
1029 609 1036 618 .
1267 582 1337 618 882

117 648 240 688 ARG.
276 646 384 698 Quid
406 644 570 684 fatere?
620 644 702 683 DE.
733 643 806 683 Μό
830 655 880 683 ex
907 655 1044 683 amore
1064 644 1183 683 huius
1211 644 1335 695 [esse]

666 713 945 762 corrumptum
962 709 1125 762 oppido.

117 779 199 818 PA.
238 778 377 819 Audin
402 777 500 829 quid
516 777 601 815 ait?
653 777 778 817 ART.
811 776 957 816 Audio.
1012 777 1096 816 DE.
1127 778 1269 829 Egone
1293 784 1338 817 ut

667 844 750 881 ndn
767 841 886 881 domo
902 844 1018 882 uxori
1033 855 1147 882 meae

119 910 365 962 S1'1brupiam
388 910 429 948 in
456 907 615 947 deliciis
639 906 787 960 pallam
813 920 931 957 quam
947 907 1072 946 habet
1090 911 1212 959 atque
1229 907 1280 947 ad
1294 912 1337 947 te

670 973 883 1012 deferam?
1270 979 1338 1015 885

119 1041 209 1080 Non
227 1040 376 1094 edepol
392 1040 565 1080 conduci
582 1052 746 1092 possum
761 1041 847 1078 uita
861 1040 999 1079 uxoris
1016 1041 1160 1081 annua.

118 1108 201 1147 PA.
226 1108 389 1147 censen
405 1111 450 1146 tu
464 1105 592 1146 illunc
608 1105 733 1145 hodie
748 1107 924 1158 primum
939 1107 1002 1145 ire
1018 1105 1231 1146 adsuetum
1247 1119 1336 1147 esse

667 1172 710 1209 in
731 1172 933 1222 ganeum?

120 1239 244 1279 ART.
274 1229 349 1278 ille
367 1241 528 1278 ecastor
546 1236 778 1290 suppilabat
792 1239 871 1289 me,
894 1237 1002 1290 quod
1018 1237 1185 1278 ancsslfis
1200 1252 1310 1279 meas

121 1305 365 1358 S1'1spicabar
389 1308 510 1356 atque
535 1305 710 1343 insontis
736 1306 905 1344 miseras
925 1306 1166 1344 cruciabam.
1212 1306 1335 1346 ARG.

666 1369 806 1420 Pater,

121 1435 220 1474 Iube
245 1434 333 1474 dari
356 1434 516 1474 uinum:
546 1435 626 1472 iam
643 1432 794 1472 dudum
817 1434 1009 1474 factumst
1027 1449 1147 1487 quom
1163 1438 1339 1490 primum

667 1500 765 1540 bibi.
1270 1508 1339 1544 890

120 1567 203 1607 DE.
234 1568 305 1618 Da,
329 1579 473 1620 puere,
498 1568 545 1605 ab
562 1579 737 1606 summo:
764 1569 852 1619 age,
871 1571 917 1606 tu
932 1568 1103 1608 interibi
1118 1570 1166 1609 ab
1183 1570 1336 1610 infame

666 1632 715 1671 da
730 1633 898 1675 sauium.

121 1698 243 1739 ART.
273 1698 388 1737 Perii
415 1699 587 1738 misera:
617 1703 663 1738 ut
694 1698 929 1740 ausculatur
958 1701 1174 1753 carnufex‚
1206 1701 1339 1754 capuli

665 1764 803 1805 decus.

120 1830 203 1870 DE.
235 1820 397 1883 Edepol
421 1832 593 1870 animam
620 1833 852 1871 suimiorem
880 1831 1087 1884 aliquanto
1106 1846 1223 1885 quam
1240 1846 1337 1872 uxo-

665 1900 722 1936 ris
739 1910 867 1938 meae.

120 1960 206 1999 PH.
243 1960 343 2000 Dice
369 1963 529 2013 amabo,
556 1976 605 2001 an
629 1964 760 2002 anima
782 1963 917 2002 foetet
933 1963 1069 2003 uxoris
1085 1964 1212 2003 tuae?
1254 1964 1337 2004 DE.

665 2029 864 2068 Nauteam

119 2091 271 2129 BIbere
287 2090 435 2142 malim,
452 2094 486 2130 si
501 2105 714 2133 necessum
730 2096 795 2146 sit,
808 2108 926 2146 quam
940 2093 1054 2155 illam
1070 2094 1335 2135 ausculArier.

120 2156 244 2195 ART.
275 2157 337 2195 Ne
360 2156 434 2196 ille
459 2162 619 2198 ecastor
633 2160 846 2199 faenerato
864 2161 997 2213 [haec]
1014 2160 1214 2200 frinditat:
1244 2174 1337 2199 nam

663 2229 700 2265 si
716 2226 877 2266 domum
1267 2231 1337 2267 896

119 2287 306 2326 Redierit
322 2289 459 2341 hodie,
478 2291 723 2332 a1'1sculand0
741 2306 817 2344 ego
836 2292 1010 2332 ulciscar
1025 2296 1307 2345 potissumum.

118 2352 307 2392 PLAVTvs
332 2355 378 2394 II.
914 2395 928 2407 ,
1041 2363 1064 2397 4
