1511 2502
1294 153 1349 197 63

449 607 986 656 PROLOGVS.

197 736 284 774 Hos
302 736 401 787 quos
417 732 570 772 uidetis
587 733 698 770 staire
714 730 783 769 hic
802 732 985 783 captiuos
1003 731 1119 783 duos,

198 801 338 840 Vincti
355 800 448 851 quia
464 801 618 847 astant,
643 797 688 834 h1'
704 800 814 835 stant
830 798 945 835 ambo
957 826 968 848 9
991 800 1073 836 non
1090 797 1249 839 sedent.

198 867 287 904 Hoc
304 866 377 903 uos
394 865 492 902 mihi
509 867 638 901 testes
657 862 755 899 estis
772 875 836 900 me
853 864 998 901 uerum
1013 862 1141 914 loqui.

202 930 336 969 Sene'x
354 930 422 980 qui
441 929 508 966 hic
524 928 701 976 habitat,
723 927 876 978 Hegio,
896 928 945 966 'st
972 929 1091 967 huius
1107 933 1239 981 pater.

200 996 272 1034 Set
291 997 324 1033 is
346 1008 423 1046 quo
443 998 562 1046 pacto
582 993 736 1030 se'ruiat
751 1005 822 1030 suo
841 995 918 1032 sibi
935 995 1057 1045 patri,
1332 1002 1353 1036 5

198 1060 243 1099 Id
260 1073 335 1111 ego
353 1061 420 1098 hie
438 1063 533 1110 aput
550 1071 623 1096 uos
639 1057 885 1110 proloquar,
912 1060 945 1097 si
963 1063 1128 1110 operam
1147 1060 1265 1102 datis.

199 1126 296 1164 Seni
314 1126 408 1163 huic
428 1124 597 1162 fuerunt
612 1122 692 1161 fssii
708 1125 793 1160 nati
810 1122 910 1161 duo:

198 1191 333 1230 Alium
351 1188 606 1242 quadrimum
620 1189 794 1240 puerum
811 1200 953 1226 seruos
970 1190 1131 1241 surpuit

196 1257 381 1307 Eumque
398 1256 493 1293 hino
509 1254 748 1306 profugiens
771 1253 960 1292 uendidit
981 1254 1021 1291 in
1040 1243 1161 1292 Alide

199 1321 400 1371 [Domino]
430 1321 537 1371 patri
566 1319 748 1358 huiusce.
794 1320 873 1357 iam
901 1320 978 1359 hoc
1009 1322 1190 1360 tenetis?
1235 1325 1352 1375 optu-

687 1389 846 1424 mumst.
1309 1395 1351 1428 10

197 1453 329 1502 Negat
343 1450 486 1490 hercle
505 1450 636 1502 [uero]
654 1449 728 1489 ille
747 1450 935 1491 niltumus.
982 1451 1180 1494 acce‘dito.

198 1517 241 1555 Si
257 1518 338 1554 non
354 1517 423 1555 ubi
440 1515 583 1554 sedeas
600 1516 714 1554 locus
731 1520 815 1566 est,
842 1521 905 1555 est
920 1518 989 1556 ubi
1005 1518 1200 1568 ambules,

198 1581 366 1631 Quando
384 1582 628 1619 histrionem
646 1583 757 1632 cogis
773 1582 1060 1623 mendicarier.

194 1648 281 1698 Ego
299 1648 364 1685 me
380 1651 448 1685 tua
465 1661 602 1697 causa,
629 1660 681 1686 ne
700 1649 835 1698 erres,
860 1661 942 1687 non
957 1652 1153 1702 rupturus
1171 1664 1269 1692 sum.

197 1714 280 1753 Vos
299 1716 368 1764 qui
382 1714 557 1765 potestis
575 1715 651 1765 ope
667 1717 807 1752 uostra
825 1715 1035 1753 censerier
1308 1723 1349 1756 15

197 1779 383 1829 Accipite
401 1778 619 1816 relicuom:
643 1778 775 1816 zilieno
793 1780 853 1817 uti
869 1780 927 1818 n1'l
943 1793 1092 1821 moror.

193 1843 406 1893 Fugitiuos
421 1842 518 1893 ille,
545 1848 590 1881 ut
608 1842 788 1881 dixeram
807 1848 900 1881 ante
912 1873 923 1894 ‚
947 1845 1067 1884 huius
1085 1848 1193 1898 patri

194 1909 322 1947 Domo
349 1909 468 1959 quem
492 1909 734 1960 profugiens
752 1909 957 1948 dominum
974 1910 1220 1963 apstuhrat,
1252 1914 1351 1951 uen-

686 1975 802 2014 didit.

196 2041 233 2078 Is
249 2042 463 2092 postquam
478 2041 586 2079 hunc
604 2042 723 2091 emit,
749 2041 865 2080 dedit
883 2054 974 2080 eum
989 2043 1084 2081 huic
1101 2045 1220 2094 gnato
1238 2057 1309 2083 suo

196 2105 475 2156 Peculiarem,
504 2108 597 2158 quia
615 2108 727 2158 quasi
744 2120 822 2144 una
840 2109 951 2145 aetzis
970 2112 1071 2147 erat.
1306 2115 1350 2147 20

197 2170 276 2209 Hic
291 2171 399 2209 nunc
418 2170 526 2210 domi
543 2173 673 2210 seruit
690 2171 760 2211 suo
777 2174 885 2224 patri
901 2185 977 2210 nec
995 2175 1072 2211 scit
1087 2178 1229 2225 pater:

196 2235 417 2275 Enimuero
436 2235 477 2275 di
493 2250 566 2275 nos
586 2239 698 2289 qudsi
719 2237 821 2289 pilas
838 2237 1024 2275 homimis
1042 2238 1207 2277 habent.

197 2301 411 2340 Rationem
426 2302 607 2353 habetis,
635 2305 713 2353 quo
730 2303 848 2341 modo
866 2315 987 2340 unum
1005 2302 1198 2340 amiserit.
