1511 2502
155 160 236 202 148
637 162 666 201 Ρ
692 162 719 202 L
749 163 782 201 A
808 163 841 201 v
871 162 900 203 Τ
929 162 947 203 Ι
1159 177 1230 212 116
1253 175 1426 213 81-107

264 275 448 315 Domitds
464 276 619 314 habere
636 278 800 328 opdrtet
817 275 956 316 oculos
973 278 1016 316 <St
1030 291 1169 318 manus

267 341 600 394 orationemque.
627 341 703 381 SC.
723 331 809 393 Ego
826 355 932 381 nunc
950 344 983 382 si
998 348 1091 396 post
1109 345 1218 384 hiinc
1234 344 1343 385 diem
1358 351 1425 388 565

265 405 508 457 Muttinem,
527 407 649 445 ctiam
666 406 774 459 qudd
793 413 955 459 egomet
971 412 1085 448 certd
1103 411 1239 462 sciam,

262 471 366 510 Dato
385 472 696 511 excruciandum
712 486 797 512 me:
831 476 992 526 egomet
1007 487 1072 514 me
1089 474 1235 515 dedam
1251 477 1340 516 tibi.

264 537 380 577 Nunc
396 539 474 577 hdc
490 539 543 577 mi
560 540 725 590 ignosce
745 541 907 591 quae'so.
953 541 1035 581 PE.
1064 541 1232 581 Vincam
1247 542 1424 581 animum

758 617 904 656 meum,

260 667 319 706 Ne
337 669 539 708 malitiose
555 671 706 709 factum
721 670 764 709 id
784 685 853 723 aps
870 676 911 710 te
929 684 1019 711 esse
1039 674 1229 713 arbitrer.

261 734 468 785 lgndscam
483 737 559 775 tibi
575 737 691 776 istuc.
724 737 800 776 sc.
820 725 873 775 At
888 738 964 776 tibi
981 737 1021 776 di
1038 738 1190 776 faciam
1204 739 1324 777 bene.
1356 743 1423 777 57ss

260 800 342 839 PE.
360 801 420 839 Ne
436 806 481 840 tu
495 801 650 852 hercle,
668 802 701 840 si
716 806 759 841 te
776 801 818 840 di
833 807 981 853 ament,
1003 801 1179 854 linguam
1194 803 1422 854 cdnprimes

262 865 460 904 Posthac:
491 868 613 905 etiam
628 866 722 906 illut
740 866 847 919 qudd
863 868 968 906 scies
983 868 1210 906 nesciueris

259 930 345 968 Nec
361 930 516 971 uideris
540 932 649 984 quod
665 932 831 972 uideris.
864 933 940 972 SC.
971 933 1084 972 Bene
1100 933 1165 972 me
1179 945 1340 972 mones:

263 995 322 1034 Ita
338 996 478 1035 facere
498 1001 705 1036 certumst.
738 999 842 1036 satin
859 998 1061 1036 exorati'l's
1075 998 1095 1035 ‘3
1131 998 1213 1037 PE.
1244 998 1336 1036 Abi.

263 1061 338 1100 SC.
383 1062 587 1114 Numquid
619 1076 725 1101 nuuc
755 1063 854 1101 aliut
883 1064 949 1101 me
979 1063 1070 1100 uis?
1134 1062 1216 1101 PE.
1262 1061 1323 1100 Ne
1353 1074 1417 1100 me

749 1127 927 1166 ndueris.
1350 1130 1418 1166 575

264 1192 341 1232 SC.
373 1192 497 1231 Dedit
512 1193 579 1231 hic
595 1194 693 1231 mihi
711 1194 849 1231 uerba.
883 1194 1001 1243 quam
1017 1192 1193 1242 benigne
1210 1191 1380 1242 gratiam

262 1258 394 1308 Fecit,
411 1270 462 1296 ne
478 1259 605 1296 iratus
623 1259 744 1297 esset.
774 1259 857 1296 scio
877 1270 993 1308 quam
1010 1258 1098 1295 rem
1115 1260 1249 1307 gerat:

266 1323 320 1362 Vt
338 1321 470 1373 miles,
493 1336 612 1374 quom
630 1322 832 1374 extemplo
850 1324 871 1360 εἰ
887 1322 977 1360 foro
995 1320 1186 1359 adueniat
1203 1319 1376 1373 domum,

264 1387 366 1438 [Me]
385 1387 704 1439 cdnprehendat.
737 1389 817 1426 sina
833 1388 900 1425 hic
917 1391 959 1425 et
973 1385 1200 1425 Palae'strio

262 1453 333 1492 Me
350 1454 501 1492 habent
521 1452 725 1491 uenalem:
758 1453 867 1491 sensi
884 1453 1019 1491 etiam
1036 1450 1187 1490 dudi'lm
1209 1453 1305 1492 scio.
1351 1458 1419 1493 580

258 1519 482 1569 Numquam
510 1517 651 1556 hercle
683 1529 731 1555 ex
766 1518 845 1555 ista
874 1518 992 1555 nassa
1023 1528 1098 1567 ego
1129 1515 1254 1555 hodie
1283 1519 1417 1555 escam

750 1586 898 1634 petam.

261 1649 361 1687 Nam
382 1649 461 1686 iam
486 1647 620 1698 aliquo
646 1647 846 1697 aufugiam
875 1650 917 1684 et
939 1657 1003 1684 me
1028 1644 1238 1685 decultabo
1265 1645 1419 1697 aliqudt

756 1710 858 1761 dies,

264 1778 366 1816 Dum
382 1778 483 1816 haec
500 1775 773 1815 cdnsilescunt
789 1777 933 1814 tiirbae
951 1779 1071 1826 atque
1087 1776 1173 1813 irae
1193 1774 1363 1814 leniunt.

268 1843 368 1881 Nam
383 1843 490 1881 minc
507 1843 604 1881 satis
620 1840 760 1894 pipulo
779 1841 952 1892 inprobo
968 1842 1100 1879 merui
1114 1839 1220 1879 mali.

266 1908 422 1947 Verum
449 1911 584 1945 tamen
600 1935 611 1957 ‚
657 1905 707 1944 de
747 1917 811 1943 me
849 1904 1047 1956 quidquid
1083 1908 1146 1943 est
1162 1933 1174 1955 ‚
1225 1905 1294 1944 ibo
1321 1905 1418 1943 hinc

748 1969 920 2008 domum.
1351 1974 1417 2009 585

264 2037 346 2076 PE.
377 2036 452 2075 Ille
469 2037 564 2074 hinc
581 2035 788 2087 apscessit.
821 2036 883 2072 sat
900 2032 1049 2085 edepol
1066 2035 1178 2072 certa
1195 2034 1278 2072 scio

261 2102 446 2141 Occisam
463 2113 583 2152 saepe
600 2103 743 2152 sapere
758 2097 848 2151 plus
865 2097 991 2136 multd
1008 2110 1140 2136 suem:

266 2166 344 2215 Qui
361 2164 462 2203 adeo
480 2163 741 2203 admutiletur
757 2175 809 2201 ne
831 2162 872 2200 id
890 2162 998 2214 quod
1014 2162 1118 2201 uidit
1132 2161 1296 2202 uiderit.

264 2230 365 2269 Nam
380 2229 489 2269 illius
508 2229 613 2269 oculi
629 2234 749 2280 atque
767 2229 885 2267 aures
902 2232 1023 2279 atque
1041 2228 1176 2280 opinio
1349 2232 1418 2268 589

267 2294 547 2346 Transfstgere
574 2293 623 2332 ad
645 2306 731 2333 nos.
772 2294 900 2344 iisque
924 2291 1054 2331 adhuc
1079 2292 1250 2330 acti‘unst
1263 2292 1415 2344 probe:
