1511 2502
182 138 265 179 '238
657 131 970 173 PLAVTI
1224 143 1446 179 11167—33

236 251 468 289 Conuorret
483 250 562 287 iam
576 248 643 285 hic
660 258 724 284 me
740 246 871 283 tdtum
888 259 977 284 cum
991 245 1235 298 puluisculo.
1375 253 1445 287 845

236 315 314 354 PL.
347 315 535 353 Etiamne
551 314 594 351 in
610 325 679 349 ara
694 312 789 349 tunc
806 311 1006 349 sedebant
1019 311 1226 365 mulieres,

235 381 364 428 Quom
384 379 434 417 ad
449 380 513 416 mel
529 377 750 430 profectu's
766 377 856 414 ire?
887 377 922 415 T
925 378 971 416 R..
990 377 1106 415 Nunc
1122 377 1274 416 ibidem
1285 376 1445 415 sedent.

235 446 314 485 PL.
346 446 444 495 Quis
473 444 565 483 illas
594 456 700 481 nunc
729 442 813 480 illic
844 443 1009 481 seruat?
1060 443 1145 481 TR.
1178 443 1325 481 Nescio
1357 444 1445 493 qm's

782 520 920 558 senex,

233 576 401 615 Vicinus
417 575 608 625 Veneris,
625 576 659 613 1's
678 573 793 612 dedit
809 586 974 626 operam
992 576 1213 626 optumam:

233 640 270 678 Is
292 641 398 678 minc
416 653 505 678 cum
522 641 653 678 seruis
671 641 826 677 seruat:
859 651 933 690 ego
950 639 1245 678 mandaueram.
1376 644 1446 677 850

235 704 314 743 PL.
346 705 433 742 Duc
449 717 513 742 me
529 703 580 741 ad
594 703 788 741 lenonem
804 705 927 741 recta.
958 705 1027 742 ubi
1042 704 1131 742 illic
1148 705 1211 742 est
1226 704 1346 742 homo
1357 704 1378 741 ’ἒ

230 769 313 807 LA.
345 768 479 807 Salue.
524 767 605 808 PL.
637 766 819 805 Salutem
838 767 898 805 nil
916 781 1064 807 moror.
1096 774 1190 819 opta
1207 770 1331 819 ocius,

233 833 365 884 Rapin
380 837 422 870 te
440 837 605 884 optorto
623 831 732 870 06110
749 833 876 870 mauis
893 834 944 870 an
959 834 1087 870 trahi:

233 897 446 937 Vtrt‘tmuis
466 903 573 948 opta,
592 897 684 933 d1‘1m
698 896 809 934 licet.
852 897 936 936 LA.
964 897 1163 935 Neutrum
1180 896 1287 937 uolo.

231 962 311 1001 PL.
344 963 423 1000 Abi
440 964 536 999 sane
553 961 604 999 ad
618 961 717 999 litus
734 961 957 1012 curriculo,
974 962 1205 1011 Trachalio,
1373 969 1443 1003 855

232 1027 328 1064 Iube
345 1025 439 1064 illos
456 1027 497 1063 in
514 1028 657 1064 urbem
673 1026 734 1064 ire
752 1027 910 1064 obuiam
927 1040 948 1064 a
964 1027 1086 1077 portu
1102 1028 1213 1076 mihi,

233 1092 342 1140 Quos
359 1091 515 1128 mecum
533 1090 640 1140 duxi,
656 1091 762 1128 hunc
780 1091 848 1141 qui
863 1090 913 1127 ad
931 1092 1174 1129 carnuficem
1189 1091 1423 1131 traderent:

235 1157 335 1194 Post
350 1157 429 1194 huc
447 1155 581 1194 redito
599 1161 719 1206 atque
736 1157 884 1205 agitato
901 1156 968 1193 hic
985 1156 1219 1195 custddiam.

231 1222 317 1272 Ego
334 1221 440 1258 hunc
457 1220 676 1259 scelestum
692 1222 842 1271 rapiam
861 1220 970 1271 [iam]
989 1222 1030 1258 in
1046 1222 1107 1259 ius
1125 1220 1303 1259 exulem:

234 1289 336 1337 Age,
354 1286 511 1324 ambula
524 1287 566 1324 in
583 1287 656 1325 ius.
701 1286 783 1324 LA.
817 1286 921 1335 Quid
938 1298 1014 1336 ego
1030 1284 1215 1337 deliqui?
1257 1286 1336 1325 PL.
1360 1287 1441 1325 Ro-

773 1364 840 1401 gas
852 1352 871 1388 ’ἒ
1373 1359 1443 1392 860

231 1417 361 1465 Quine
378 1417 618 1454 arrabonem
635 1429 657 1453 a
672 1429 735 1454 me
753 1418 948 1468 accepisti
958 1418 1008 1455 ob
1025 1417 1241 1455 mulierem

228 1482 283 1520 Et
313 1494 399 1519 eam
430 1483 524 1519 hinc
559 1482 722 1519 auexti?
775 1482 858 1520 LA.
900 1482 990 1520 Nou
1022 1484 1148 1521 auexi.
1206 1482 1284 1521 PL.
1330 1482 1440 1531 Quor
1510 1477 1511 1491 ³

776 1559 898 1597 negas
909 1547 930 1584 ‘3

232 1613 314 1651 LA.
347 1613 448 1661 Quia
462 1610 533 1662 pol
550 1612 740 1662 prouexi:
772 1611 948 1649 auehere
964 1624 1045 1649 non
1064 1612 1175 1662 quini
1190 1612 1326 1651 miser.

232 1677 435 1728 Equidem
451 1676 523 1714 tibi
542 1674 697 1726 [hodje]
715 1675 893 1713 dixeram
907 1678 1071 1726 praesto
1088 1675 1179 1713 fore

233 1743 342 1793 Aput
356 1741 533 1780 Ve'neris
548 1740 705 1777 fanum:
733 1739 930 1790 numquid
945 1745 1055 1777 muto
1066 1740 1086 1776 ‘3
1105 1741 1246 1777 sumne
1262 1739 1350 1778 ibi?
1370 1745 1440 1791 865

232 1805 311 1844 PL.
343 1805 388 1843 In
404 1806 494 1843 iure
512 1817 669 1842 causam
686 1803 830 1842 dicito:
860 1804 927 1841 hic
944 1805 1115 1842 uerbum
1129 1808 1191 1842 sat
1206 1809 1281 1842 est.

232 1871 428 1921 Sequere.
473 1869 556 1909 LA.
590 1858 772 1919 Opsecro
789 1874 844 1917 te,
861 1870 1047 1919 subueni,
1065 1870 1119 1906 mi
1135 1867 1396 1907 Charmides:

233 1934 407 1985 Optdrto
423 1934 561 1985 rapior
578 1932 695 1972 collo.
741 1933 827 1973 CH.
859 1934 957 1982 Quis
973 1946 1038 1971 me
1052 1934 1261 1972 nominat?

229 2001 312 2038 LA.
346 1998 479 2037 Viden
497 2011 561 2037 me
579 2004 624 2036 ut
639 1998 806 2050 rapior?
850 1999 936 2037 CH.
964 1998 1095 2038 Video
1112 2004 1233 2050 atque
1248 2000 1436 2051 inspecto

772 2062 932 2101 lubens.

227 2129 310 2167 LA.
342 2127 432 2166 Non
465 2129 685 2166 subuenire
715 2129 770 2166 mi
799 2127 952 2166 audes?
996 2128 1082 2167 CH.
1115 2128 1213 2177 Quis
1241 2128 1362 2166 homo
1393 2128 1435 2166 te

772 2192 908 2244 rapit?
1366 2196 1436 2231 870

227 2257 309 2296 LA.
331 2254 584 2295 Adulescens
607 2255 876 2309 Plesidippus,
909 2256 995 2295 CH.
1016 2257 1074 2296 Vt
1087 2257 1284 2308 nanctni’s,
1307 2257 1437 2295 habe:
