1511 2502
175 97 259 137 250
645 95 952 134 PLAVTI
1212 107 1444 143 11224-41

235 196 290 245 i⁷t
323 219 488 259 operam
520 219 679 245 omnem
709 209 950 246 araneorum
974 207 1144 259 perdam
1173 213 1215 246 et
1243 213 1447 248 texturam

784 275 997 326 inprobam
1257 326 1259 328 q

235 336 498 390 Deiciamque
516 352 655 378 eorum
673 340 800 377 omnis
817 338 933 378 telas.
980 339 1063 378 GE.
1093 340 1241 378 Miseri
1257 339 1448 390 algebunt

787 405 940 455 postea.

237 470 298 509 ΡΙ,
319 468 453 519 Quid‘.²
482 468 574 508 illos
588 469 785 508 itidemne
798 471 887 508 e'sse
902 482 1044 508 censes
1058 471 1169 521 quasi
1180 474 1222 508 te
1234 483 1322 508 cum
1330 475 1448 508 ueste

786 536 934 573 unica?
1381 540 1450 574 350

238 600 348 651 Cape
365 598 456 638 illas
473 613 625 651 scopas.
673 600 754 639 GE.
785 600 961 652 capiam.
1006 601 1067 638 ΡΙ.
1097 601 1186 639 Hoc
1203 606 1379 652 egomet,
1403 601 1449 638 t1'1

789 665 867 702 hoc
882 678 1095 703 conuorre.
1128 667 1211 705 GE.
1233 667 1447 705 checero.

238 729 298 766 Pl.
334 716 482 779 Ecquis
512 729 590 766 huc
622 729 754 766 ecfert
787 730 1057 767 nassiternam
1081 730 1171 768 ci'im
1196 732 1325 781 aqua?
1363 731 1448 770 GE.

793 793 889 831 Sine
908 794 1099 845 suffragio

239 857 387 910 Pdpuli
407 862 544 895 tamen
572 856 822 896 aedilitatem
844 859 911 896 hic
930 857 1093 909 quidem
1112 860 1230 909 gerit.
1276 860 1338 897 Pl.
1363 860 1450 910 Age

790 928 834 961 tu
852 925 961 962 (icius

241 988 379 1039 Terge
403 990 588 1039 humum,
619 989 844 1041 consperge
872 994 966 1027 ante
993 988 1116 1028 aedis,
1164 989 1247 1027 GE.
1278 989 1449 1027 FAciam.

788 1054 851 1092 Pl.
873 1053 1043 1093 Factum
1056 1055 1247 1106 oportuit.

241 1109 327 1170 Ego
345 1120 439 1157 hinc
458 1121 623 1157 araneas
638 1118 688 1156 dc
704 1119 860 1157 foribus
879 1118 1052 1158 deiciam
1069 1123 1111 1157 et
1128 1118 1178 1157 de
1193 1119 1364 1171 pariete.
1385 1124 1452 1158 355

243 1185 326 1224 GE.
360 1174 521 1236 Edepol
538 1197 624 1222 rem
641 1186 902 1235 negdtiosam.
949 1186 1035 1225 PH.
1068 1184 1173 1234 Quid
1189 1185 1242 1223 sit
1257 1183 1316 1222 nil
1333 1185 1449 1224 etiam

793 1264 896 1289 selo:

241 1315 328 1353 Nisi
358 1315 466 1353 forte
497 1315 680 1367 hospites
715 1317 879 1353 uenturi
908 1316 1013 1354 siint.
1073 1315 1135 1354 ΡΙ.
1180 1314 1294 1365 [Vos]
1322 1313 1454 1353 lectos

793 1380 978 1418 sternite.

244 1445 326 1484 GE.
358 1445 609 1497 Principium
632 1444 769 1497 place't
793 1444 843 1483 de
866 1443 999 1483 lectis.
1045 1445 1105 1483 ΡΙ.
1140 1433 1221 1482 Alii
1239 1442 1349 1494 ligna
1365 1445 1455 1482 cae-

797 1510 902 1548 dite:

244 1564 327 1613 Alii
343 1576 466 1626 piscis
484 1574 722 1626 depurgate‚
743 1577 843 1625 quos
858 1576 1038 1626 piscator
1056 1573 1215 1612 attulit:

243 1641 418 1679 Pernam
435 1644 477 1678 et
493 1638 698 1690 glandium
716 1639 816 1689 [alii]
833 1638 997 1677 deicite.
1050 1639 1134 1678 GE.
1166 1638 1318 1676 Hercle
1334 1639 1454 1676 homo

795 1705 862 1742 hic
878 1705 1044 1742 nimium
1062 1705 1177 1756 sapit.
1388 1709 1456 1743 360

245 1772 330 1810 PH.
360 1772 449 1810 Ndn
475 1774 655 1819 ecastor,
687 1770 729 1807 iit
756 1782 830 1820 ego
856 1770 1021 1821 opinor,
1052 1770 1147 1806 satis
1177 1781 1272 1807 erae
1302 1770 1456 1807 morem

795 1847 915 1885 geris.

245 1902 306 1941 ΡΙ.
338 1892 461 1939 Ῐιηηιο
480 1913 548 1939 res
566 1902 693 1938 omnis
710 1898 873 1938 relictas
891 1900 1020 1937 habeo
1036 1911 1135 1950 prae
1154 1897 1263 1950 quod
1278 1898 1323 1935 tsi
1339 1897 1453 1936 uelis.

245 1967 329 2006 PH.
363 1967 469 2005 Tam
491 1971 537 2004 tu
558 1967 703 2016 igitur,
734 1979 811 2016 qua
833 1966 972 2003 caussa
991 1966 1135 2003 missus
1152 1965 1195 2002 es
1213 1963 1263 2002 ad
1278 1968 1455 2016 portum,

795 2029 839 2068 id
856 2030 1015 2082 expedi.

246 2096 308 2136 Pl.
340 2096 489 2135 Dicam.
522 2100 735 2148 postquam
757 2096 821 2134 me
846 2097 1012 2134 missisti
1030 2095 1079 2134 ad
1093 2097 1256 2148 portum
1273 2107 1360 2133 cum
1375 2093 1458 2132 luci

798 2161 941 2213 semul,

248 2226 511 2266 Commodum
532 2227 716 2266 radiosus
735 2240 824 2266 sese
841 2227 900 2265 sol
917 2228 1133 2279 superabat
1152 2227 1199 2264 cx
1215 2226 1327 2264 mari.
1387 2228 1453 2264 365
