1511 2502
134 136 218 178 320
628 136 654 174 P
682 135 707 174 L
736 137 768 173 A
797 137 829 174 V
859 135 889 174 T
918 136 934 174 Ι
1105 150 1203 182 [1112
1228 149 1364 184 151-3
1390 146 1408 185 7

193 237 279 299 Ego
297 250 348 288 ob
362 249 466 288 hanc
483 261 651 301 operam
665 249 876 299 argentum
895 250 1054 302 accepi:
1086 251 1128 289 te
1141 256 1271 290 macto
1282 252 1411 290 infor-

737 314 864 352 t1'1nio.
1343 322 1412 358 ⁴³93

194 381 390 420 ceterum
408 381 476 432 qui
493 382 560 430 sis,
578 381 743 431 quinon
761 381 829 430 εἰς,
849 381 1020 420 floccum
1035 395 1117 420 non
1134 382 1368 421 interduim.

193 437 264 487 I'bo
282 447 333 486 ad
349 446 486 498 illum,
511 448 771 497 renuntiabo,
792 450 861 498 qui
877 449 976 486 mihi
991 449 1067 487 tris
1084 451 1266 488 nummos
1283 448 1412 500 dedit,

196 502 252 551 Vt
267 513 369 551 sciat
384 525 428 552 se
444 511 690 565 perdidisse.
724 524 799 562 ego
818 514 932 553 abeo.
965 511 1072 551 male
1088 514 1182 552 uiue
1201 515 1242 552 et
1256 513 1369 552 ualet

193 581 270 630 Qui
286 579 327 618 di
343 584 385 618 te
403 591 542 618 omnes
560 578 847 616 aduenientem
863 579 1041 630 peregre
1058 579 1256 631 perdant⁷
1282 580 1413 619 Char-

743 643 886 683 mides.

252 711 338 750 CH.
370 710 592 760 Postquam
607 707 678 746 ssle
693 708 790 746 hinc
807 709 919 758 abiit,
935 711 1028 760 post
1041 708 1240 761 loquendi
1255 709 1385 749 libere

250 775 429 815 Videtur
444 779 604 825 tempus
621 773 784 811 uenisse
804 777 925 823 atque
943 774 1113 812 occasio.

251 840 333 878 Iam
349 838 502 878 dudum
516 851 649 876 meum
665 836 737 875 ille
753 838 896 889 pectus
913 838 1057 889 pungit
1073 837 1250 889 aculeus,
1327 847 1415 880 1000

255 904 362 954 Quid
377 903 437 943 illi
451 905 592 955 negoti
608 904 736 941 fuerit
752 907 846 941 ante
863 902 974 941 aedis
990 916 1111 942 meas.

252 970 353 1008 Nam
369 968 567 1021 epistulae
584 968 680 1007 illae
697 969 795 1008 mihi
814 969 1126 1008 concenturiant
1144 975 1295 1009 metum

255 1035 300 1074 ln
317 1035 442 1074 corde
460 1039 502 1073 et
521 1034 613 1073 illut
629 1033 737 1073 mille
754 1047 970 1084 nummum,
989 1037 1108 1086 quam
1124 1047 1212 1073 rem
1228 1040 1330 1087 agat.

253 1101 479 1153 Numquam
500 1100 648 1152 edepol
664 1105 821 1139 temere
839 1101 960 1138 tinnit
975 1101 1311 1141 tintinndbulum:

252 1168 340 1206 Nisi
357 1169 426 1219 qui
441 1167 532 1205 sslut
547 1172 696 1206 tractat
706 1169 774 1206 a1'1t
785 1171 935 1217 mouet,
953 1169 1161 1218 mutlimst,
1177 1172 1299 1208 tacet.
1329 1175 1415 1208 1005

257 1234 331 1272 Set
364 1234 451 1285 quis
484 1234 551 1272 hic
584 1238 647 1272 est
679 1234 747 1284 qui
772 1234 850 1271 huc
873 1233 916 1271 in
939 1231 1117 1284 plateam
1133 1246 1341 1272 cursuram
1357 1236 1418 1272 in-

753 1301 852 1352 cipit
863 1299 882 1337 ‘3

254 1366 389 1404 Lubet
405 1367 627 1418 opseruare
646 1364 741 1417 quid
757 1370 867 1416 agat:
898 1365 977 1403 huc
995 1366 1253 1405 concessero.

451 1530 721 1568 STAsnuvs.
782 1531 1105 1567 Onmemmns.

204 1620 283 1660 ST.
317 1619 505 1668 Stasime,
522 1618 585 1656 fac
602 1622 643 1656 te
659 1619 838 1669 propere
856 1616 1051 1666 celerem,
1069 1618 1208 1669 recipe
1225 1622 1267 1656 te
1285 1617 1335 1656 ad
1347 1617 1419 1656 do-

751 1682 903 1720 mimim
920 1682 1095 1732 domum,

204 1752 240 1791 N
245 1754 266 1790 e
283 1753 415 1790 subito
434 1755 565 1789 metus
585 1749 790 1788 exoriatur
806 1747 983 1800 scapulis
1003 1747 1179 1786 stultitia
1199 1748 1312 1800 [tual.

206 1806 324 1856 Adde
342 1814 523 1867 gradum,
547 1814 796 1867 adproperat
828 1814 905 1851 iam
924 1812 1075 1851 dudum
1090 1814 1283 1853 factumst
1300 1827 1418 1866 quom

753 1880 873 1917 abisti
890 1878 1022 1918 domo,
1332 1885 1422 1919 1010

206 1949 317 1987 caue
334 1948 388 1985 sis
405 1947 480 1984 tibi
497 1959 548 1984 ne
565 1944 707 1984 bubuli
724 1947 765 1983 in
783 1951 824 1983 te
842 1945 993 1983 cottabi
1011 1945 1148 1983 crebri
1163 1950 1349 1997 crepent,

205 2014 249 2052 Si
266 2014 401 2051 aberis
419 2014 465 2050 ab
483 2014 544 2050 eri
562 2013 823 2063 quaestione:
853 2012 905 2049 ne
923 2010 1134 2049 destiteris
1153 2012 1334 2049 esu-rere.

205 2069 312 2117 Ecce
337 2079 542 2116 hominem
565 2082 629 2128 te,
659 2077 853 2127 Stasime,
879 2075 1018 2114 nihili:
1050 2077 1155 2114 satin
1179 2076 1222 2114 in
1239 2076 1422 2115 thermo-

754 2141 865 2195 polio

205 2208 444 2248 Condalium
461 2221 504 2247 es
527 2207 697 2258 oblitus,
722 2213 937 2261 postquam
952 2206 1269 2258 thermopotasti
1285 2207 1422 2256 guttu-

754 2274 871 2311 rem?
