<?xml version="1.0" encoding="UTF-8"?>
<!DOCTYPE html PUBLIC "-//W3C//DTD XHTML 1.0 Transitional//EN"
    "http://www.w3.org/TR/xhtml1/DTD/xhtml1-transitional.dtd">
<html xmlns="http://www.w3.org/1999/xhtml" xml:lang="en" lang="en">
 <head>
  <title>
</title>
<meta http-equiv="Content-Type" content="text/html;charset=utf-8" />
  <meta name='ocr-system' content='tesseract 3.04.00' />
  <meta name='ocr-capabilities' content='ocr_page ocr_carea ocr_par ocr_line ocrx_word'/>
</head>
<body>
  <div class='ocr_page' id='page_1' title='image "./comoediae0102plauuoft_0294.png"; bbox 0 0 1511 2502; ppageno 0'>
   <div class='ocr_carea' id='block_1_1' title="bbox 122 134 1386 182">
    <p class='ocr_par' dir='ltr' id='par_1_1' title="bbox 122 134 1386 182">
     <span class='ocr_line' id='line_1_1' title="bbox 122 134 1386 182; baseline 0 -8"><span class='ocrx_word' id='word_1_1' title='bbox 122 134 205 175; x_wconf 84' lang='grc'>260</span> <span class='ocrx_word' id='word_1_2' title='bbox 602 135 910 174; x_wconf 85' lang='lat' dir='ltr'>PLAVTI</span> <span class='ocrx_word' id='word_1_3' title='bbox 1099 146 1386 182; x_wconf 76' lang='lat'>1111725—87</span> 
     </span>
    </p>
   </div>
   <div class='ocr_carea' id='block_1_2' title="bbox 227 245 1360 496">
    <p class='ocr_par' dir='ltr' id='par_1_2' title="bbox 228 245 1360 427">
     <span class='ocr_line' id='line_1_2' title="bbox 232 245 1285 301; baseline 0.003 -16"><span class='ocrx_word' id='word_1_4' title='bbox 232 247 361 296; x_wconf 82' lang='lat' dir='ltr'>Quom</span> <span class='ocrx_word' id='word_1_5' title='bbox 378 245 474 285; x_wconf 72' lang='lat' dir='ltr'>illds</span> <span class='ocrx_word' id='word_1_6' title='bbox 491 246 686 298; x_wconf 82' lang='lat' dir='ltr'>sapientis</span> <span class='ocrx_word' id='word_1_7' title='bbox 703 248 838 285; x_wconf 75' lang='lat' dir='ltr'>mdres</span> <span class='ocrx_word' id='word_1_8' title='bbox 853 249 1135 288; x_wconf 65' lang='lat' dir='ltr'>monstrabzint</span> <span class='ocrx_word' id='word_1_9' title='bbox 1148 249 1285 301; x_wconf 78' lang='lat' dir='ltr'>poplo,</span> 
     </span>
     <span class='ocr_line' id='line_1_3' title="bbox 232 310 1360 364; baseline 0.003 -15"><span class='ocrx_word' id='word_1_10' title='bbox 232 311 306 349; x_wconf 89' lang='lat' dir='ltr'>Set</span> <span class='ocrx_word' id='word_1_11' title='bbox 322 324 442 362; x_wconf 87' lang='lat' dir='ltr'>quom</span> <span class='ocrx_word' id='word_1_12' title='bbox 459 310 555 349; x_wconf 86' lang='lat' dir='ltr'>inde</span> <span class='ocrx_word' id='word_1_13' title='bbox 571 323 682 349; x_wconf 83' lang='lat' dir='ltr'>suam</span> <span class='ocrx_word' id='word_1_14' title='bbox 699 312 870 362; x_wconf 88' lang='lat' dir='ltr'>quisque</span> <span class='ocrx_word' id='word_1_15' title='bbox 887 313 1000 350; x_wconf 81' lang='lat' dir='ltr'>ibant</span> <span class='ocrx_word' id='word_1_16' title='bbox 1016 312 1170 352; x_wconf 87' lang='lat' dir='ltr'>diuorsi</span> <span class='ocrx_word' id='word_1_17' title='bbox 1186 312 1360 364; x_wconf 74' lang='lat' dir='ltr'>domum,</span> 
     </span>
     <span class='ocr_line' id='line_1_4' title="bbox 228 374 1076 427; baseline 0.004 -13"><span class='ocrx_word' id='word_1_18' title='bbox 228 374 375 414; x_wconf 68' lang='lat' dir='ltr'>Nullfis</span> <span class='ocrx_word' id='word_1_19' title='bbox 393 380 481 414; x_wconf 86' lang='lat' dir='ltr'>erat</span> <span class='ocrx_word' id='word_1_20' title='bbox 496 374 568 414; x_wconf 83' lang='lat' dir='ltr'>illo</span> <span class='ocrx_word' id='word_1_21' title='bbox 586 378 705 427; x_wconf 68' lang='lat' dir='ltr'>pzicto</span> <span class='ocrx_word' id='word_1_22' title='bbox 722 380 766 413; x_wconf 91' lang='lat' dir='ltr'>ut</span> <span class='ocrx_word' id='word_1_23' title='bbox 782 374 845 414; x_wconf 86' lang='lat' dir='ltr'>illi</span> <span class='ocrx_word' id='word_1_24' title='bbox 859 377 1076 417; x_wconf 67' lang='lat' dir='ltr'>it&#39;lsserant.</span> 
     </span>
    </p>

    <p class='ocr_par' dir='ltr' id='par_1_3' title="bbox 227 441 1280 496">
     <span class='ocr_line' id='line_1_5' title="bbox 227 441 1280 496; baseline 0.003 -17"><span class='ocrx_word' id='word_1_25' title='bbox 227 441 328 481; x_wconf 83' lang='lat' dir='ltr'>DAE.</span> <span class='ocrx_word' id='word_1_26' title='bbox 360 442 440 480; x_wconf 89' lang='lat' dir='ltr'>Abi</span> <span class='ocrx_word' id='word_1_27' title='bbox 456 444 577 488; x_wconf 88' lang='lat' dir='ltr'>intro,</span> <span class='ocrx_word' id='word_1_28' title='bbox 595 454 647 479; x_wconf 90' lang='lat' dir='ltr'>ne</span> <span class='ocrx_word' id='word_1_29' title='bbox 664 441 887 492; x_wconf 75' lang='lat' dir='ltr'>molestu’s,</span> <span class='ocrx_word' id='word_1_30' title='bbox 905 441 1067 493; x_wconf 81' lang='lat' dir='ltr'>linguae</span> <span class='ocrx_word' id='word_1_31' title='bbox 1084 445 1280 496; x_wconf 81' lang='lat' dir='ltr'>te&#39;mpera.</span> 
     </span>
    </p>
   </div>
   <div class='ocr_carea' id='block_1_3' title="bbox 226 505 1387 686">
    <p class='ocr_par' dir='ltr' id='par_1_4' title="bbox 226 505 1387 686">
     <span class='ocr_line' id='line_1_6' title="bbox 226 505 1385 557; baseline 0.001 -11"><span class='ocrx_word' id='word_1_32' title='bbox 226 507 313 557; x_wconf 85' lang='lat' dir='ltr'>Ego</span> <span class='ocrx_word' id='word_1_33' title='bbox 330 507 406 545; x_wconf 87' lang='lat' dir='ltr'>tibi</span> <span class='ocrx_word' id='word_1_34' title='bbox 423 506 589 545; x_wconf 87' lang='lat' dir='ltr'>daturus</span> <span class='ocrx_word' id='word_1_35' title='bbox 605 505 664 544; x_wconf 86' lang='lat' dir='ltr'>nil</span> <span class='ocrx_word' id='word_1_36' title='bbox 682 520 781 557; x_wconf 88' lang='lat' dir='ltr'>sum,</span> <span class='ocrx_word' id='word_1_37' title='bbox 798 519 850 544; x_wconf 90' lang='lat' dir='ltr'>ne</span> <span class='ocrx_word' id='word_1_38' title='bbox 867 511 911 544; x_wconf 88' lang='lat' dir='ltr'>tu</span> <span class='ocrx_word' id='word_1_39' title='bbox 926 507 1081 546; x_wconf 74' lang='lat' dir='ltr'>frl‘lstra</span> <span class='ocrx_word' id='word_1_40' title='bbox 1097 509 1164 547; x_wconf 89' lang='lat' dir='ltr'>sis.</span> <span class='ocrx_word' id='word_1_41' title='bbox 1295 512 1385 547; x_wconf 80' lang='lat'>1255</span> 
     </span>
     <span class='ocr_line' id='line_1_7' title="bbox 230 569 1387 623; baseline 0.002 -14"><span class='ocrx_word' id='word_1_42' title='bbox 230 571 314 610; x_wconf 77' lang='lat' dir='ltr'>GR.</span> <span class='ocrx_word' id='word_1_43' title='bbox 346 571 402 609; x_wconf 88' lang='lat' dir='ltr'>At</span> <span class='ocrx_word' id='word_1_44' title='bbox 426 572 499 621; x_wconf 72' lang='lat' dir='ltr'>ego</span> <span class='ocrx_word' id='word_1_45' title='bbox 526 569 624 609; x_wconf 91' lang='lat' dir='ltr'>deos</span> <span class='ocrx_word' id='word_1_46' title='bbox 652 583 824 622; x_wconf 82' lang='lat' dir='ltr'>quaeSO,</span> <span class='ocrx_word' id='word_1_47' title='bbox 856 576 902 608; x_wconf 90' lang='lat' dir='ltr'>ut</span> <span class='ocrx_word' id='word_1_48' title='bbox 927 571 1125 623; x_wconf 87' lang='lat' dir='ltr'>quidquid</span> <span class='ocrx_word' id='word_1_49' title='bbox 1153 573 1197 610; x_wconf 91' lang='lat' dir='ltr'>in</span> <span class='ocrx_word' id='word_1_50' title='bbox 1224 572 1295 611; x_wconf 90' lang='lat' dir='ltr'>illo</span> <span class='ocrx_word' id='word_1_51' title='bbox 1325 574 1387 611; x_wconf 80' lang='grc' dir='ltr'>ω’-</span> 
     </span>
     <span class='ocr_line' id='line_1_8' title="bbox 726 635 874 686; baseline 0.007 -13"><span class='ocrx_word' id='word_1_52' title='bbox 726 635 874 686; x_wconf 84' lang='lat' dir='ltr'>dulost,</span> 
     </span>
    </p>
   </div>
   <div class='ocr_carea' id='block_1_4' title="bbox 226 700 1387 1207">
    <p class='ocr_par' dir='ltr' id='par_1_5' title="bbox 229 700 1251 750">
     <span class='ocr_line' id='line_1_9' title="bbox 229 700 1251 750; baseline 0.003 -12"><span class='ocrx_word' id='word_1_53' title='bbox 229 700 273 739; x_wconf 86' lang='lat' dir='ltr'>Si</span> <span class='ocrx_word' id='word_1_54' title='bbox 290 702 444 749; x_wconf 66' lang='lat' dir='ltr'>aursun,</span> <span class='ocrx_word' id='word_1_55' title='bbox 466 702 499 738; x_wconf 91' lang='lat' dir='ltr'>si</span> <span class='ocrx_word' id='word_1_56' title='bbox 516 705 780 750; x_wconf 81' lang='lat' dir='ltr'>argentumst,</span> <span class='ocrx_word' id='word_1_57' title='bbox 799 702 916 738; x_wconf 77' lang='lat' dir='ltr'>dmne</span> <span class='ocrx_word' id='word_1_58' title='bbox 934 700 979 739; x_wconf 93' lang='lat' dir='ltr'>id</span> <span class='ocrx_word' id='word_1_59' title='bbox 993 706 1038 739; x_wconf 83' lang='lat' dir='ltr'>ut</span> <span class='ocrx_word' id='word_1_60' title='bbox 1052 702 1123 740; x_wconf 64' lang='lat' dir='ltr'>fiat</span> <span class='ocrx_word' id='word_1_61' title='bbox 1139 704 1251 741; x_wconf 89' lang='lat' dir='ltr'>cinis.</span> 
     </span>
    </p>

    <p class='ocr_par' dir='ltr' id='par_1_6' title="bbox 228 764 1271 883">
     <span class='ocr_line' id='line_1_10' title="bbox 228 764 1271 816; baseline 0.005 -14"><span class='ocrx_word' id='word_1_62' title='bbox 228 766 327 803; x_wconf 82' lang='lat' dir='ltr'>DAE.</span> <span class='ocrx_word' id='word_1_63' title='bbox 358 764 460 803; x_wconf 75' lang='lat'><em>1111‘10</em></span> <span class='ocrx_word' id='word_1_64' title='bbox 478 769 541 803; x_wconf 89' lang='lat' dir='ltr'>est</span> <span class='ocrx_word' id='word_1_65' title='bbox 557 764 663 816; x_wconf 90' lang='lat' dir='ltr'>quod</span> <span class='ocrx_word' id='word_1_66' title='bbox 681 778 754 803; x_wconf 88' lang='lat' dir='ltr'>nos</span> <span class='ocrx_word' id='word_1_67' title='bbox 770 766 943 816; x_wconf 77' lang='lat' dir='ltr'>nequam</span> <span class='ocrx_word' id='word_1_68' title='bbox 960 767 1091 805; x_wconf 88' lang='lat' dir='ltr'>seruis</span> <span class='ocrx_word' id='word_1_69' title='bbox 1108 769 1271 806; x_wconf 73' lang='lat' dir='ltr'>fitimur.</span> 
     </span>
     <span class='ocr_line' id='line_1_11' title="bbox 229 829 1211 883; baseline 0.002 -15"><span class='ocrx_word' id='word_1_70' title='bbox 229 831 330 869; x_wconf 85' lang='lat' dir='ltr'>Nam</span> <span class='ocrx_word' id='word_1_71' title='bbox 347 829 434 868; x_wconf 87' lang='lat' dir='ltr'>illic</span> <span class='ocrx_word' id='word_1_72' title='bbox 452 843 538 868; x_wconf 89' lang='lat' dir='ltr'>cum</span> <span class='ocrx_word' id='word_1_73' title='bbox 557 842 676 867; x_wconf 89' lang='lat' dir='ltr'>seruo</span> <span class='ocrx_word' id='word_1_74' title='bbox 694 832 808 881; x_wconf 90' lang='lat' dir='ltr'>siquo</span> <span class='ocrx_word' id='word_1_75' title='bbox 827 832 1070 881; x_wconf 69' lang='lat' dir='ltr'>congressi&#39;is</span> <span class='ocrx_word' id='word_1_76' title='bbox 1085 831 1211 883; x_wconf 89' lang='lat' dir='ltr'>foret,</span> 
     </span>
    </p>

    <p class='ocr_par' dir='ltr' id='par_1_7' title="bbox 230 893 1387 1011">
     <span class='ocr_line' id='line_1_12' title="bbox 230 893 1387 946; baseline 0.002 -13"><span class='ocrx_word' id='word_1_77' title='bbox 230 895 284 933; x_wconf 88' lang='lat' dir='ltr'>Et</span> <span class='ocrx_word' id='word_1_78' title='bbox 304 897 434 946; x_wconf 85' lang='lat' dir='ltr'>ipsum</span> <span class='ocrx_word' id='word_1_79' title='bbox 451 907 542 932; x_wconf 85' lang='lat' dir='ltr'>sese</span> <span class='ocrx_word' id='word_1_80' title='bbox 560 899 601 932; x_wconf 89' lang='lat' dir='ltr'>et</span> <span class='ocrx_word' id='word_1_81' title='bbox 618 893 730 932; x_wconf 89' lang='lat' dir='ltr'>illum</span> <span class='ocrx_word' id='word_1_82' title='bbox 746 895 848 932; x_wconf 85' lang='lat' dir='ltr'>furti</span> <span class='ocrx_word' id='word_1_83' title='bbox 865 898 1123 946; x_wconf 81' lang='lat' dir='ltr'><strong>astringeret.</strong></span> <span class='ocrx_word' id='word_1_84' title='bbox 1295 901 1387 936; x_wconf 82' lang='lat'>1260</span> 
     </span>
     <span class='ocr_line' id='line_1_13' title="bbox 230 959 1177 1011; baseline 0.001 -13"><span class='ocrx_word' id='word_1_85' title='bbox 230 960 334 998; x_wconf 91' lang='lat' dir='ltr'>Dum</span> <span class='ocrx_word' id='word_1_86' title='bbox 349 959 543 1011; x_wconf 78' lang='lat' dir='ltr'>praedam</span> <span class='ocrx_word' id='word_1_87' title='bbox 560 960 713 997; x_wconf 85' lang='lat' dir='ltr'>habere</span> <span class='ocrx_word' id='word_1_88' title='bbox 730 961 773 997; x_wconf 79' lang='lat' dir='ltr'>se</span> <span class='ocrx_word' id='word_1_89' title='bbox 793 966 996 1011; x_wconf 83' lang='lat' dir='ltr'>censeret,</span> <span class='ocrx_word' id='word_1_90' title='bbox 1011 962 1177 999; x_wconf 84' lang='lat' dir='ltr'>interim</span> 
     </span>
    </p>

    <p class='ocr_par' dir='ltr' id='par_1_8' title="bbox 226 1024 1254 1143">
     <span class='ocr_line' id='line_1_14' title="bbox 228 1024 1254 1077; baseline 0.003 -15"><span class='ocrx_word' id='word_1_91' title='bbox 228 1024 389 1063; x_wconf 69' lang='lat' dir='ltr'>Praeda</span> <span class='ocrx_word' id='word_1_92' title='bbox 405 1027 515 1076; x_wconf 89' lang='lat' dir='ltr'>ipsus</span> <span class='ocrx_word' id='word_1_93' title='bbox 534 1029 664 1063; x_wconf 87' lang='lat' dir='ltr'>esset:</span> <span class='ocrx_word' id='word_1_94' title='bbox 694 1024 846 1076; x_wconf 84' lang='lat' dir='ltr'>prae&#39;da</span> <span class='ocrx_word' id='word_1_95' title='bbox 860 1025 1054 1077; x_wconf 82' lang='lat' dir='ltr'>praedam</span> <span class='ocrx_word' id='word_1_96' title='bbox 1072 1025 1254 1066; x_wconf 81' lang='lat' dir='ltr'>d1&#39;1ceret.</span> 
     </span>
     <span class='ocr_line' id='line_1_15' title="bbox 226 1089 1193 1143; baseline 0.001 -15"><span class='ocrx_word' id='word_1_97' title='bbox 226 1089 342 1128; x_wconf 88' lang='lat' dir='ltr'>Nunc</span> <span class='ocrx_word' id='word_1_98' title='bbox 363 1090 458 1127; x_wconf 88' lang='lat' dir='ltr'>hinc</span> <span class='ocrx_word' id='word_1_99' title='bbox 474 1090 583 1128; x_wconf 90' lang='lat' dir='ltr'>intro</span> <span class='ocrx_word' id='word_1_100' title='bbox 599 1090 667 1128; x_wconf 89' lang='lat' dir='ltr'>ibo</span> <span class='ocrx_word' id='word_1_101' title='bbox 685 1094 727 1128; x_wconf 88' lang='lat' dir='ltr'>et</span> <span class='ocrx_word' id='word_1_102' title='bbox 742 1091 1011 1130; x_wconf 69' lang='lat' dir='ltr'>szicruficabo:</span> <span class='ocrx_word' id='word_1_103' title='bbox 1041 1092 1193 1143; x_wconf 73' lang='lat' dir='ltr'>pdstibi</span> 
     </span>
    </p>

    <p class='ocr_par' dir='ltr' id='par_1_9' title="bbox 229 1154 1032 1207">
     <span class='ocr_line' id='line_1_16' title="bbox 229 1154 1032 1207; baseline 0.004 -15"><span class='ocrx_word' id='word_1_104' title='bbox 229 1154 380 1193; x_wconf 79' lang='lat' dir='ltr'>Iubebo</span> <span class='ocrx_word' id='word_1_105' title='bbox 397 1155 514 1192; x_wconf 87' lang='lat' dir='ltr'>nobis</span> <span class='ocrx_word' id='word_1_106' title='bbox 532 1155 672 1193; x_wconf 77' lang='lat' dir='ltr'>cenam</span> <span class='ocrx_word' id='word_1_107' title='bbox 688 1155 880 1193; x_wconf 80' lang='lat' dir='ltr'>continu6</span> <span class='ocrx_word' id='word_1_108' title='bbox 900 1157 1032 1207; x_wconf 89' lang='lat' dir='ltr'>coqui.</span> 
     </span>
    </p>
   </div>
   <div class='ocr_carea' id='block_1_5' title="bbox 396 1384 1117 1424">
    <p class='ocr_par' dir='ltr' id='par_1_10' title="bbox 396 1384 1117 1424">
     <span class='ocr_line' id='line_1_17' title="bbox 396 1384 1117 1424; baseline -0.001 0"><span class='ocrx_word' id='word_1_109' title='bbox 396 1385 747 1424; x_wconf 64' lang='lat' dir='ltr'>Pnsssunppvs.</span> <span class='ocrx_word' id='word_1_110' title='bbox 795 1384 1117 1423; x_wconf 59' lang='lat' dir='ltr'>Trmcwnao.</span> 
     </span>
    </p>
   </div>
   <div class='ocr_carea' id='block_1_6' title="bbox 178 1478 1391 2314">
    <p class='ocr_par' dir='ltr' id='par_1_11' title="bbox 178 1478 1391 1597">
     <span class='ocr_line' id='line_1_18' title="bbox 178 1478 1391 1537; baseline -0.002 -10"><span class='ocrx_word' id='word_1_111' title='bbox 178 1488 258 1529; x_wconf 89' lang='lat' dir='ltr'>PL.</span> <span class='ocrx_word' id='word_1_112' title='bbox 289 1478 441 1527; x_wconf 83' lang='lat' dir='ltr'>iterum</span> <span class='ocrx_word' id='word_1_113' title='bbox 465 1486 518 1523; x_wconf 90' lang='lat' dir='ltr'>mi</span> <span class='ocrx_word' id='word_1_114' title='bbox 540 1487 668 1524; x_wconf 85' lang='lat' dir='ltr'>istaec</span> <span class='ocrx_word' id='word_1_115' title='bbox 685 1485 817 1523; x_wconf 75' lang='lat' dir='ltr'>dmnia</span> <span class='ocrx_word' id='word_1_116' title='bbox 834 1484 953 1534; x_wconf 83' lang='lat' dir='ltr'>itera,</span> <span class='ocrx_word' id='word_1_117' title='bbox 978 1486 1032 1523; x_wconf 92' lang='lat' dir='ltr'>mi</span> <span class='ocrx_word' id='word_1_118' title='bbox 1049 1486 1194 1537; x_wconf 61' lang='lat' dir='ltr'>Anime,</span> <span class='ocrx_word' id='word_1_119' title='bbox 1217 1487 1272 1525; x_wconf 89' lang='lat' dir='ltr'>mi</span> <span class='ocrx_word' id='word_1_120' title='bbox 1287 1485 1391 1525; x_wconf 82' lang='lat' dir='ltr'>&#39;rra-</span> 
     </span>
     <span class='ocr_line' id='line_1_19' title="bbox 730 1546 1389 1597; baseline 0.005 -11"><span class='ocrx_word' id='word_1_121' title='bbox 730 1546 877 1597; x_wconf 65' lang='lat' dir='ltr'>chzilio,</span> <span class='ocrx_word' id='word_1_122' title='bbox 1299 1555 1389 1590; x_wconf 84' lang='lat'>1265</span> 
     </span>
    </p>

    <p class='ocr_par' dir='ltr' id='par_1_12' title="bbox 180 1612 1212 1666">
     <span class='ocr_line' id='line_1_20' title="bbox 180 1612 1212 1666; baseline -0.006 -10"><span class='ocrx_word' id='word_1_123' title='bbox 180 1617 243 1656; x_wconf 85' lang='lat' dir='ltr'>Mi</span> <span class='ocrx_word' id='word_1_124' title='bbox 258 1615 425 1666; x_wconf 81' lang='lat' dir='ltr'>liberte,</span> <span class='ocrx_word' id='word_1_125' title='bbox 443 1616 496 1652; x_wconf 90' lang='lat' dir='ltr'>mi</span> <span class='ocrx_word' id='word_1_126' title='bbox 510 1618 697 1666; x_wconf 85' lang='lat' dir='ltr'>patrone,</span> <span class='ocrx_word' id='word_1_127' title='bbox 713 1614 832 1651; x_wconf 89' lang='lat' dir='ltr'>immo</span> <span class='ocrx_word' id='word_1_128' title='bbox 851 1612 988 1664; x_wconf 82' lang='lat' dir='ltr'>potius</span> <span class='ocrx_word' id='word_1_129' title='bbox 1003 1614 1058 1650; x_wconf 87' lang='lat' dir='ltr'>mi</span> <span class='ocrx_word' id='word_1_130' title='bbox 1073 1619 1212 1665; x_wconf 86' lang='lat' dir='ltr'>pater:</span> 
     </span>
    </p>

    <p class='ocr_par' dir='ltr' id='par_1_13' title="bbox 180 1677 1390 1792">
     <span class='ocr_line' id='line_1_21' title="bbox 180 1677 1390 1734; baseline -0.002 -14"><span class='ocrx_word' id='word_1_131' title='bbox 180 1681 381 1734; x_wconf 76' lang='lat' dir='ltr'>Repperit</span> <span class='ocrx_word' id='word_1_132' title='bbox 394 1680 553 1732; x_wconf 77' lang='lat' dir='ltr'>patrem</span> <span class='ocrx_word' id='word_1_133' title='bbox 570 1677 778 1716; x_wconf 82' lang='lat' dir='ltr'>Palaestra</span> <span class='ocrx_word' id='word_1_134' title='bbox 794 1689 908 1715; x_wconf 91' lang='lat' dir='ltr'>suum</span> <span class='ocrx_word' id='word_1_135' title='bbox 928 1679 1050 1728; x_wconf 60' lang='lat' dir='ltr'>atque</span> <span class='ocrx_word' id='word_1_136' title='bbox 1066 1678 1267 1717; x_wconf 74' lang='lat' dir='ltr'>matrem?</span> <span class='ocrx_word' id='word_1_137' title='bbox 1304 1678 1390 1718; x_wconf 91' lang='lat' dir='ltr'>TR.</span> 
     </span>
     <span class='ocr_line' id='line_1_22' title="bbox 731 1741 944 1792; baseline 0 -13"><span class='ocrx_word' id='word_1_138' title='bbox 731 1741 944 1792; x_wconf 76' lang='lat' dir='ltr'>Repperit.</span> 
     </span>
    </p>

    <p class='ocr_par' dir='ltr' id='par_1_14' title="bbox 181 1799 1390 1924">
     <span class='ocr_line' id='line_1_23' title="bbox 181 1799 1390 1862; baseline -0.002 -13"><span class='ocrx_word' id='word_1_139' title='bbox 181 1811 261 1849; x_wconf 88' lang='lat' dir='ltr'>PL.</span> <span class='ocrx_word' id='word_1_140' title='bbox 293 1799 345 1848; x_wconf 76' lang='lat' dir='ltr'>Et</span> <span class='ocrx_word' id='word_1_141' title='bbox 373 1807 581 1862; x_wconf 84' lang='lat' dir='ltr'>popularis</span> <span class='ocrx_word' id='word_1_142' title='bbox 613 1805 703 1844; x_wconf 75' lang='lat' dir='ltr'>e‘st?</span> <span class='ocrx_word' id='word_1_143' title='bbox 759 1805 846 1844; x_wconf 81' lang='lat' dir='ltr'>TR.</span> <span class='ocrx_word' id='word_1_144' title='bbox 887 1806 1032 1857; x_wconf 75' lang='lat' dir='ltr'>opino.</span> <span class='ocrx_word' id='word_1_145' title='bbox 1086 1805 1167 1844; x_wconf 87' lang='lat' dir='ltr'>PL.</span> <span class='ocrx_word' id='word_1_146' title='bbox 1203 1807 1259 1846; x_wconf 83' lang='lat' dir='ltr'>Et</span> <span class='ocrx_word' id='word_1_147' title='bbox 1292 1808 1390 1846; x_wconf 65' lang='lat' dir='ltr'>mihi</span> 
     </span>
     <span class='ocr_line' id='line_1_24' title="bbox 731 1871 1354 1924; baseline 0.003 -14"><span class='ocrx_word' id='word_1_148' title='bbox 731 1876 946 1923; x_wconf 86' lang='lat' dir='ltr'>nupturast</span> <span class='ocrx_word' id='word_1_149' title='bbox 968 1872 988 1910; x_wconf 70' lang='grc' dir='ltr'>’ἒ</span> <span class='ocrx_word' id='word_1_150' title='bbox 1030 1871 1116 1912; x_wconf 90' lang='lat' dir='ltr'>TR.</span> <span class='ocrx_word' id='word_1_151' title='bbox 1148 1872 1354 1924; x_wconf 72' lang='lat' dir='ltr'>Stispicor.</span> 
     </span>
    </p>

    <p class='ocr_par' dir='ltr' id='par_1_15' title="bbox 182 1936 1391 2043">
     <span class='ocr_line' id='line_1_25' title="bbox 182 1936 1391 1990; baseline -0.006 -8"><span class='ocrx_word' id='word_1_152' title='bbox 182 1943 261 1983; x_wconf 88' lang='lat' dir='ltr'>PL.</span> <span class='ocrx_word' id='word_1_153' title='bbox 293 1942 456 1981; x_wconf 65' lang='lat' dir='ltr'>censen</span> <span class='ocrx_word' id='word_1_154' title='bbox 485 1937 609 1978; x_wconf 85' lang='lat' dir='ltr'>hodie</span> <span class='ocrx_word' id='word_1_155' title='bbox 643 1936 916 1990; x_wconf 81' lang='lat' dir='ltr'>despondebit</span> <span class='ocrx_word' id='word_1_156' title='bbox 945 1936 1033 1976; x_wconf 74' lang='lat' dir='ltr'>eam</span> <span class='ocrx_word' id='word_1_157' title='bbox 1060 1938 1173 1988; x_wconf 90' lang='lat' dir='ltr'>mihi,</span> <span class='ocrx_word' id='word_1_158' title='bbox 1211 1937 1391 1989; x_wconf 74' lang='lat' dir='ltr'>quaeso?</span> 
     </span>
     <span class='ocr_line' id='line_1_26' title="bbox 733 2003 1024 2043; baseline 0.003 -1"><span class='ocrx_word' id='word_1_159' title='bbox 733 2003 819 2042; x_wconf 90' lang='lat' dir='ltr'>TR.</span> <span class='ocrx_word' id='word_1_160' title='bbox 850 2003 1024 2043; x_wconf 77' lang='lat' dir='ltr'>censeo.</span> 
     </span>
    </p>

    <p class='ocr_par' dir='ltr' id='par_1_16' title="bbox 183 2068 1390 2174">
     <span class='ocr_line' id='line_1_27' title="bbox 183 2068 1390 2124; baseline -0.006 -10"><span class='ocrx_word' id='word_1_161' title='bbox 183 2074 263 2114; x_wconf 93' lang='lat' dir='ltr'>PL.</span> <span class='ocrx_word' id='word_1_162' title='bbox 296 2072 415 2123; x_wconf 82' lang='lat' dir='ltr'>Quid,</span> <span class='ocrx_word' id='word_1_163' title='bbox 429 2072 539 2124; x_wconf 88' lang='lat' dir='ltr'>patri</span> <span class='ocrx_word' id='word_1_164' title='bbox 554 2072 675 2110; x_wconf 85' lang='lat' dir='ltr'>etiam</span> <span class='ocrx_word' id='word_1_165' title='bbox 691 2068 926 2122; x_wconf 63' lang='lat' dir='ltr'>gratulabor</span> <span class='ocrx_word' id='word_1_166' title='bbox 944 2082 1063 2121; x_wconf 88' lang='lat' dir='ltr'><strong>quom</strong></span> <span class='ocrx_word' id='word_1_167' title='bbox 1080 2068 1359 2108; x_wconf 83' lang='lat' dir='ltr'>sslaminuenit</span> <span class='ocrx_word' id='word_1_168' title='bbox 1369 2069 1390 2107; x_wconf 73' lang='lat'>2²</span> 
     </span>
     <span class='ocr_line' id='line_1_28' title="bbox 733 2135 1390 2174; baseline 0.002 -1"><span class='ocrx_word' id='word_1_169' title='bbox 733 2135 819 2174; x_wconf 85' lang='lat' dir='ltr'>TR.</span> <span class='ocrx_word' id='word_1_170' title='bbox 852 2135 1024 2174; x_wconf 76' lang='lat' dir='ltr'>censeo.</span> <span class='ocrx_word' id='word_1_171' title='bbox 1301 2138 1390 2174; x_wconf 88' lang='lat'><strong>1270</strong></span> 
     </span>
    </p>

    <p class='ocr_par' dir='ltr' id='par_1_17' title="bbox 184 2197 1388 2314">
     <span class='ocr_line' id='line_1_29' title="bbox 184 2197 1388 2252; baseline -0.004 -11"><span class='ocrx_word' id='word_1_172' title='bbox 184 2203 264 2242; x_wconf 89' lang='lat' dir='ltr'>PL.</span> <span class='ocrx_word' id='word_1_173' title='bbox 297 2201 416 2252; x_wconf 76' lang='lat' dir='ltr'>Quid,</span> <span class='ocrx_word' id='word_1_174' title='bbox 437 2202 558 2240; x_wconf 84' lang='lat' dir='ltr'>matri</span> <span class='ocrx_word' id='word_1_175' title='bbox 575 2200 691 2240; x_wconf 72' lang='lat' dir='ltr'>eius?</span> <span class='ocrx_word' id='word_1_176' title='bbox 735 2199 821 2240; x_wconf 88' lang='lat' dir='ltr'>TR.</span> <span class='ocrx_word' id='word_1_177' title='bbox 855 2199 1028 2238; x_wconf 75' lang='lat' dir='ltr'>censeo.</span> <span class='ocrx_word' id='word_1_178' title='bbox 1066 2198 1145 2237; x_wconf 95' lang='lat' dir='ltr'>PL.</span> <span class='ocrx_word' id='word_1_179' title='bbox 1169 2197 1275 2247; x_wconf 79' lang='lat' dir='ltr'>Quid</span> <span class='ocrx_word' id='word_1_180' title='bbox 1290 2199 1388 2250; x_wconf 75' lang='lat' dir='ltr'>ergo</span> 
     </span>
     <span class='ocr_line' id='line_1_30' title="bbox 734 2261 1335 2314; baseline -0.005 -10"><span class='ocrx_word' id='word_1_181' title='bbox 734 2264 909 2304; x_wconf 75' lang='lat' dir='ltr'>censes?</span> <span class='ocrx_word' id='word_1_182' title='bbox 953 2263 1039 2304; x_wconf 86' lang='lat' dir='ltr'>TR.</span> <span class='ocrx_word' id='word_1_183' title='bbox 1070 2261 1188 2313; x_wconf 78' lang='lat' dir='ltr'>Qudd</span> <span class='ocrx_word' id='word_1_184' title='bbox 1202 2275 1335 2314; x_wconf 80' lang='lat' dir='ltr'>rogas,</span> 
     </span>
    </p>
   </div>
  </div>
 </body>
</html>
