1511 2502
193 122 273 164 116

189 251 227 284 V,

207 317 219 321 -
268 295 338 328 210
363 303 394 327 et
418 297 484 331 211
509 299 620 330 cretici
644 301 825 331 tetrametri
847 302 1021 335 acataieoei

207 362 219 366 -
266 341 334 374 212
358 344 495 374 creticus
522 345 660 376 dimeter
683 345 883 377 acatalectus

205 407 217 412 -
265 385 334 420 213
358 388 402 420 ad
425 388 494 422 224
524 390 633 421 cretici
658 392 838 422 tetrametri
863 391 1035 424 acatalecti

205 451 218 457 ·
265 431 332 464 225
358 434 519 466 iambicus
547 436 686 467 dimeter
710 436 908 469 acatalectus

204 498 216 502 -
265 477 333 511 226
359 479 401 511 ad
426 477 496 512 230
521 481 687 512 bacchiaci
714 483 893 514 tetrametri
918 482 1091 517 acatalecti

204 543 216 548 -
264 521 331 556 231
359 526 522 557 iambicus
548 528 756 568 septenarius

204 589 216 593 —
264 567 332 601 232
356 571 494 602 creticus
519 578 708 604 tetrameter
734 573 934 604 acatalectus

265 248 333 283 208
355 259 385 282 et
411 250 479 286 209
503 252 662 285 trochaici
688 255 847 286 octonarii

263 613 332 647 233
355 617 496 648 creticus
523 618 663 649 dimeter
686 618 888 649 acatalectus

262 659 330 693 234
354 661 396 693 ad
421 660 489 695 239
515 663 627 694 cretici
652 665 834 695 tetrametri
861 665 1034 696 acatalecti

262 705 330 738 240
354 713 384 738 et
408 707 474 740 241
501 708 660 739 trochaici
686 711 845 740 octonarii

262 750 330 784 242
356 752 399 783 ad
423 752 492 786 360
514 753 671 785 trochaici
696 756 873 795 septenarii

260 795 328 830 361
354 798 398 828 ad
422 797 492 831 384
517 800 649 830 iambici
673 801 794 830 senarii

199 862 211 867 -
259 840 326 875 385
352 844 396 874 ad
421 842 490 877 497
513 844 672 875 trochaici
697 845 875 887 septenarii

258 886 328 920 498
353 889 551 921 bacchiaeus
579 891 718 921 dimeter
743 890 942 922 acatalectns

257 932 326 966 499
351 935 395 966 ad
420 934 488 967 502
513 936 682 967 bacchiaci
707 937 887 967 tetrametri
915 936 1089 970 acatalecti

259 978 327 1012 503
352 980 550 1012 bacchiacus
579 981 718 1013 dimeter
743 981 942 1013 acatalectus

259 1024 328 1058 504
349 1026 548 1057 bacchiacus
567 1031 756 1058 tetrameter
777 1027 976 1059 acatalectus

259 1070 325 1103 505
352 1072 513 1103 iambicus
538 1073 688 1103 senarius

259 1115 327 1149 506
353 1123 383 1148 et
408 1115 475 1150 507
498 1118 631 1148 iambici
655 1118 784 1149 dimetri
810 1118 980 1150 acatalecti

257 1160 326 1194 508
351 1163 512 1194 iambicus
538 1163 677 1195 dimeter
699 1162 907 1194 catalecticus

195 1226 209 1232 -
256 1206 324 1240 509
350 1208 547 1240 bacchiacus
578 1209 931 1240 dimeter-acatalectus

195 1273 209 1278 -
257 1253 326 1286 510
352 1254 394 1285 ad
421 1254 488 1287 515
513 1255 647 1286 iambici
673 1255 851 1296 septenarii

195 1319 208 1324 -
256 1299 324 1332 516
350 1300 392 1331 ad
417 1299 485 1333 524
507 1300 640 1332 iambici
666 1301 825 1331 octonarii

256 1344 323 1378 525
350 1346 511 1377 iambicus
537 1347 688 1377 senarius

254 1390 323 1424 526
347 1391 390 1423 ad
415 1390 482 1424 532
507 1391 666 1423 trochaici
690 1391 870 1432 septenarii

255 1434 323 1469 533
349 1437 391 1468 ad
416 1437 484 1469 540
509 1438 642 1470 iambici
667 1437 827 1469 octonarii

254 1481 320 1515 541
349 1483 390 1514 ad
415 1481 483 1516 658
506 1483 664 1515 trochaici
688 1482 868 1524 septenarii

256 1526 324 1560 659
350 1529 391 1559 ad
416 1526 482 1562 767
507 1529 640 1560 iambici
662 1528 784 1559 senarii

255 1571 322 1606 768
348 1580 376 1605 et
403 1572 469 1607 769
492 1573 649 1606 trochaici
676 1572 854 1615 septenarii

193 1638 206 1644 -
256 1616 324 1652 770
349 1620 390 1651 ad
416 1618 484 1652 780
509 1621 642 1652 iambici
669 1619 829 1651 octonarii

193 1683 206 1688 -
255 1662 321 1697 781
347 1666 388 1696 ad
416 1663 483 1698 783
507 1665 677 1697 bacchiaci
703 1663 881 1696 tetrametri
907 1663 1076 1696 acatalecti

191 1729 204 1734 -
252 1708 321 1743 784
342 1711 503 1742 iambicus
530 1712 668 1742 dimeter
680 1710 888 1741 catalecticus

191 1774 205 1780 ·
253 1754 319 1788 785
344 1757 387 1787 ad
412 1754 479 1790 790
504 1756 672 1788 bacchiaci
695 1754 875 1786 tetrametri
905 1754 1078 1787 acatalecti

190 1821 203 1826 -
252 1799 317 1834 791
345 1802 388 1833 ad
412 1801 480 1835 908
504 1801 661 1834 trochaici
683 1800 864 1842 septenarii

192 1867 204 1872 -
251 1845 318 1880 909
346 1848 388 1878 ad
414 1846 481 1880 921
509 1847 642 1879 iambici
666 1847 826 1877 octonarii

188 1912 202 1917 -
249 1891 317 1926 922
343 1893 386 1924 ad
409 1891 477 1926 927
503 1891 672 1925 bacchiaci
696 1891 876 1923 tetrametri
901 1889 1074 1923 acatalecti

190 1956 203 1962 -
249 1937 319 1971 928
345 1944 375 1970 et
399 1937 467 1973 929
490 1938 647 1971 trochaici
671 1937 830 1968 octonarii

195 2005 198 2008 ›
250 1982 320 2017 930
342 1985 385 2016 ad
410 1983 499 2019 1036
523 1983 678 2016 trochaici
704 1981 893 2024 septenarii.
