1511 2502
447 112 504 144 AD
529 111 637 144 FRID.
664 110 910 143 RlTSCHELIV
915 111 958 143 M.
1280 112 1337 144 VH

69 215 272 257 ruptelarum
300 214 424 247 fontem
451 223 516 245 non
545 212 650 245 fuisse
674 212 776 244 alium
799 213 864 244 nisi
893 212 998 253 quod,
1027 221 1101 244 cum
1125 213 1157 244 in
1181 212 1337 244 familiari

69 270 222 293 sermone
253 260 414 303 plurimae
448 267 548 291 voces
579 258 631 290 vel
665 258 783 290 abesse
809 257 860 289 vel
886 257 1042 290 accedere
1066 257 1119 289 vel
1142 259 1234 290 vario
1261 267 1336 289 sese

70 306 184 338 ordine
211 307 361 348 excipere
387 304 477 336 nullo
503 304 685 335 sententiae
713 308 812 344 atque
831 304 915 335 adeo
935 303 1119 345 elegantiae
1139 303 1334 335 detrimento

68 357 223 392 possent,
249 351 365 382 horum
386 349 467 381 nihil
494 359 559 380 non
588 349 796 380 librariorum
823 358 956 389 quoque
981 348 1115 380 levitate
1143 349 1318 391 impruden

69 402 118 428 ter
143 397 370 428 admitteretur
395 388 614 436 saepissime’.
646 394 737 434 quod
763 398 873 425 autem
901 403 1057 426 versuum
1090 395 1211 435 quibus
1228 403 1335 426 uneos

69 441 270 473 circumdedi
301 441 385 473 alios
409 446 446 471 ut
470 439 612 471 relicuos
642 448 758 471 omnes
793 439 944 481 apicibus
967 440 1125 481 insignivi
1156 440 1240 471 alios
1268 449 1334 471 non

67 487 247 529 insignivi,
273 486 337 518 hoc
361 495 399 517 ea
425 486 466 518 de
483 494 585 517 causa
601 485 725 516 factum
751 494 825 516 esse
854 486 936 516 scito
962 490 998 516 ut
1018 485 1091 517 illos
1109 495 1162 516 me
1179 486 1336 525 antiquae

68 531 314 574 dittographiae
346 531 503 571 reliquias
516 555 523 568 ,
551 530 613 561 hos
641 536 696 562 aut
715 540 843 572 pannos
862 540 881 562 a
897 530 1010 562 sciolis
1028 530 1216 573 explicandi
1234 540 1337 561 causa

67 583 223 609 consutos
254 583 311 609 aut
338 586 456 609 versus
479 576 651 608 Plautinos
682 576 818 616 quidem
846 576 908 608 sed
934 575 1068 608 aliunde
1093 577 1216 618 petitos
1242 580 1273 607 et
1301 577 1334 606 in

67 623 217 665 margine
247 624 393 665 primum
427 622 599 663 adpositos
630 627 707 662 post
739 627 849 653 antem
873 622 906 653 iu
930 631 1088 653 versuum
1113 622 1334 663 genuinorum

67 668 317 700 continuitatem
343 678 423 699 casu
456 667 605 709 inlapsos
630 667 779 698 iudicare
804 666 1038 708 significarem.
1073 673 1103 698 et
1129 668 1161 698 in
1186 666 1252 698 hoe
1276 676 1336 708 ge-

68 723 144 745 nere
176 723 249 745 sero
282 714 351 745 vidi
383 723 436 744 me
468 710 617 744 R11d.56
643 712 713 753 (cll.
729 723 760 743 v.
777 710 862 753 541)
888 722 953 744 non
984 717 1072 743 recte
1107 712 1258 754 apicibus
1284 713 1334 742 in-

66 759 246 800 signivisse
273 768 356 799 quos
384 758 511 790 deletos
544 758 641 789 velim
664 763 700 788 ut
724 763 811 789 recte
838 767 894 789 eos
922 757 1030 789 delevi
1056 756 1148 798 Capt.
1164 756 1234 790 324
1261 755 1332 797 (cll.

65 804 140 835 Aul.
156 804 183 835 Π
210 804 225 835 l
250 803 314 846 44)
340 809 371 835 et
402 804 488 835 Rud.
505 801 572 835 594
596 802 666 844 (cll.
681 802 779 834 Mero.
795 803 823 834 11
849 802 865 834 l
892 802 914 835 2
939 808 970 834 et
998 803 1030 834 in
1060 804 1254 834 universum
1286 804 1335 833 cis

67 859 152 889 quae
177 858 226 881 'rv
249 850 282 881 in
305 849 469 891 Philologi
493 849 604 880 tom.I
628 858 661 890 p.
677 846 745 881 306
771 858 843 889 sqq.
873 847 1092 889 exposuisti):
1119 849 1197 880 item
1223 848 1333 889 apices

67 894 159 936 Capt.
175 893 221 927 48
246 895 372 927 deletos
404 894 515 927 velim.
549 899 723 935 praeterea
747 903 788 925 ne
812 893 868 925 alii
894 894 926 924 in
953 903 1096 925 errorem
1123 893 1336 935 impellantur

64 939 119 971 hio
149 940 363 971 indicandum
395 940 535 970 arbitror
566 938 680 970 Militis
710 948 844 970 versum
874 936 961 971 1181
985 938 1077 969 uncis
1102 939 1267 970 inclusum
1291 939 1335 969 ad

66 985 194 1017 nullum
224 985 342 1017 horum
372 994 531 1026 generum
559 984 724 1025 pertinere
756 984 817 1015 sed
844 983 1113 1025 supplementum
1147 993 1222 1015 esse
1246 994 1265 1015 a
1287 992 1335 1014 τε

67 1030 240 1062 confictum
265 1031 327 1071 (cf.
352 1030 436 1060 Mus.
463 1029 578 1070 philol.
595 1029 653 1061 VII
677 1039 709 1070 p.
724 1026 792 1061 317
818 1028 890 1069 sq.)
911 1029 1017 1069 quod,
1045 1038 1120 1060 cum
1143 1029 1222 1061 alibi
1247 1035 1334 1061 totos

65 1085 182 1107 versus
209 1086 228 1106 a
254 1084 301 1108 ΤΒ
333 1075 376 1106 ad
401 1074 583 1116 explendas
608 1073 744 1105 lacunas
771 1073 895 1112 factos,
926 1075 1078 1114 quamvis
1105 1074 1278 1116 ingeniose
1305 1080 1336 1104 et.

64 1121 237 1152 Plautinae
262 1120 495 1153 consuetudini
520 1120 754 1151 convenienter
778 1120 913 1160 procusi
939 1124 1066 1157 essent,
1091 1129 1258 1159 nusquam
1283 1129 1333 1150 rc-

66 1168 176 1208 cipere
203 1165 253 1197 fas
279 1166 490 1203 habuissem,
523 1165 578 1196 illo
602 1170 712 1196 tamen
737 1164 808 1195 loco
833 1170 1020 1206 temperare
1043 1163 1124 1196 mihi
1148 1174 1215 1196 non
1239 1165 1330 1206 potui

66 1212 144 1252 quin
170 1212 255 1243 inter
279 1221 395 1244 versus
418 1211 587 1242 Plautinos
613 1210 820 1242 asciscerem.

157 1258 193 1288 In
226 1267 347 1299 genere
380 1256 637 1298 orthographico
672 1256 715 1287 ad
749 1261 872 1287 certam
903 1256 1120 1287 constantiam
1145 1256 1334 1288 revocando

68 1303 150 1335 ultro
180 1303 315 1334 easdem
348 1303 417 1334 fere
441 1302 586 1333 rationes
612 1306 746 1332 secutus
773 1311 862 1332 eram
888 1311 971 1341 quas
996 1309 1042 1332 ’Π
1068 1302 1102 1332 in
1125 1301 1335 1343 praefatione

67 1348 170 1380 Stichi
201 1358 233 1390 p.
250 1357 312 1380 xvr
336 1349 384 1379 eis
416 1348 472 1388 qui
496 1352 572 1389 post
597 1356 642 1378 ΤΒ
666 1347 818 1378 Plautum
844 1347 964 1378 edituri
987 1351 1098 1378 essent
1121 1347 1334 1379 commenda-

65 1394 153 1425 visti.
183 1394 304 1426 debere
328 1399 437 1425 autem
463 1394 555 1424 visus
581 1402 655 1424 sum
679 1393 726 1424 eis
750 1394 807 1432 qui
830 1391 894 1423 hac
918 1402 1018 1434 opera
1044 1393 1137 1423 usuri
1163 1398 1274 1424 essent
1299 1397 1336 1422 ut

65 1440 213 1482 potiores
239 1449 295 1471 eas
324 1448 376 1470 res
403 1439 524 1478 quibus
551 1437 791 1480 orthographia
814 1439 848 1469 in
873 1437 936 1468 hac
961 1437 1105 1469 editione
1132 1448 1173 1469 ex
1200 1438 1334 1480 optimis

65 1485 158 1517 libris
193 1490 224 1516 et
253 1485 544 1527 grammaticorum
576 1490 726 1515 veterum
759 1483 958 1515 testimoniis
981 1488 1136 1515 revocata
1162 1493 1181 1514 a
1202 1483 1335 1525 vulgari

65 1530 234 1562 recederet
262 1531 316 1562 hic
347 1531 536 1561 summatim
568 1529 824 1571 complecterer,
861 1539 926 1569 quo
957 1529 988 1559 in
1022 1529 1155 1571 negotio
1183 1538 1223 1560 ea
1248 1538 1334 1569 quae

66 1584 115 1608 'rv
144 1575 409 1618 Prolegomenon
439 1575 620 1606 Trinummi
654 1575 760 1616 capite
785 1584 872 1605 nono
899 1574 1034 1616 egregie
1057 1574 1242 1615 exposuisti
1266 1579 1334 1604 sta-

66 1622 156 1652 mina
189 1630 263 1653 esse
291 1621 383 1653 volui
416 1621 534 1660 quibus
558 1630 643 1661 quae
669 1626 700 1651 et
725 1627 774 1651 'rv
797 1620 869 1661 ipse
895 1620 927 1650 in
952 1619 1084 1651 relicuis
1110 1619 1233 1651 fabulis
1258 1625 1334 1660 post

67 1666 293 1698 Trinummum
324 1667 517 1698 instauratis
547 1667 590 1699 ad
622 1666 686 1698 hoo
715 1674 821 1707 genus
847 1665 1032 1707 spectantia
1054 1675 1141 1697 nova
1164 1665 1333 1706 protulisti

67 1718 98 1743 et
123 1722 208 1752 quae
241 1712 298 1744 alii
324 1712 538 1754 probabiliter
560 1712 802 1753 investigarunt
827 1715 858 1741 et
881 1720 972 1750 quae
989 1710 1062 1752 ipse
1086 1711 1263 1742 observavi
1289 1710 1334 1741 ita

66 1758 278 1789 subtexerem
301 1763 336 1788 ut
358 1757 438 1789 nihil
458 1757 661 1789 reconditius
676 1757 810 1797 quidem
826 1756 1099 1797 praetermissum
1114 1761 1227 1798 putem
1244 1755 1334 1795 quod

66 1812 131 1834 uon
162 1804 194 1834 in
225 1803 289 1835 hoc
313 1808 492 1844 conspectu
518 1803 731 1844 explanatum
757 1801 950 1843 reperiatur.
978 1807 1150 1843 praeterea
1176 1800 1334 1833 subiunxi

66 1858 152 1888 quae
176 1849 253 1880 dum
279 1848 432 1891 plagulas
457 1848 574 1880 harum
601 1848 787 1880 fabularum
810 1851 951 1878 retracto
975 1856 1028 1878 me
1049 1847 1152 1878 invito
1167 1856 1233 1878 non
1246 1851 1335 1877 recte

66 1894 189 1934 scripta
213 1895 432 1926 animadverti
458 1899 489 1925 et
514 1899 660 1925 correcta
682 1892 793 1924 velim.
820 1897 856 1924 ut
882 1902 901 1923 a
923 1892 1095 1924 vocalibus
1120 1892 1248 1930 ordiar,
1272 1901 1334 1932 pro

66 1949 88 1969 a
112 1948 216 1971 suasu
239 1939 389 1972 Bencxn
418 1941 537 1981 scripsi
562 1950 579 1971 e
604 1940 636 1970 in
661 1943 836 1979 anteperta
860 1937 950 1969 Trin.
969 1936 1036 1970 643
1062 1938 1152 1978 quod
1177 1938 1218 1968 ab
1243 1941 1335 1968 ante-

63 1985 228 2023 parz'endo
261 1986 385 2017 dictum
419 1990 468 2015 est
492 1991 527 2016 ut
553 1989 742 2025 anteceptus
768 1984 808 2016 ab
834 1983 1087 2023 anteeapiendo,
1126 1983 1333 2022 eandemque

68 2029 320 2061 antistoechiam
355 2029 529 2071 amplexus
561 2040 634 2061 sum
660 2030 692 2061 in
718 2030 876 2070 dispenno
905 2034 936 2059 et
962 2029 1132 2069 dispessus
1155 2027 1223 2060 Mil.
1245 2024 1334 2060 1407

68 2079 99 2104 et
120 2072 189 2107 360
211 2084 270 2116 pro
296 2076 460 2116 dispando
486 2081 517 2106 et
542 2076 714 2116 dispassus
739 2080 770 2105 et
797 2075 829 2105 in
855 2074 1035 2116 aequipero
1056 2079 1087 2105 et
1104 2074 1249 2115 defetiyo
1262 2083 1334 2104 ver-

66 2119 118 2150 bis
143 2130 283 2159 quorum
305 2122 447 2154 vicarias
470 2121 650 2162 scripturas
674 2121 857 2161 aequiparo
883 2125 914 2151 et
939 2120 1085 2161 defatiyo
1110 2119 1167 2151 vix
1190 2127 1333 2158 usquam

67 2164 144 2195 boni
174 2165 249 2196 libri
277 2167 348 2197 sine
379 2166 602 2208 discrepantia
631 2170 831 2208 agnoscunt:
866 2175 884 2196 o
909 2170 1021 2196 autem
1045 2175 1105 2206 pro
1132 2175 1153 2195 a
1177 2165 1276 2205 posui
1301 2164 1334 2194 in

67 2211 198 2242 uociuos
219 2211 307 2242 Trin.
327 2211 366 2242 ll
393 2221 452 2253 pro
478 2221 601 2243 uacuus
624 2212 665 2243 de
687 2221 753 2252 qua
770 2210 876 2242 forma
892 2216 969 2251 post
987 2210 1128 2242 eundem
1141 2209 1331 2240 Bssnexrvn

68 2253 162 2293 plura
195 2255 272 2286 alibi
306 2257 388 2288 dixi:
428 2257 440 2287 i
468 2266 527 2299 pro
561 2269 577 2288 ε,
603 2257 636 2287 in
660 2257 819 2296 opstitricc
844 2255 936 2297 Capt.
953 2253 1020 2288 629
1044 2261 1075 2287 et
1099 2254 1167 2286 Mil.
1182 2252 1247 2287 695
1272 2263 1332 2295 pro
