1511 2502
60 281 81 314 ⁷.
118 280 187 314 256
213 288 240 312 ct
268 279 337 314 257
362 281 518 313 trochaici
544 280 723 322 septenarii

61 355 75 360 -
121 334 189 369 258
214 337 258 368 ad
281 335 348 370 262
372 335 540 368 bacchiaci
564 335 745 366 tetrametri
770 333 940 368 acatalecti

62 410 74 415 -
122 388 189 424 263
215 391 412 423 bacchiacus
440 391 580 422 dimeter
604 388 804 421 acatalectus

61 464 74 470 —
121 444 190 479 264
215 448 352 478 creticus
377 450 568 478 tetrameter
591 444 791 476 acatalectus

121 499 188 533 265
214 502 374 533 iambicus
404 501 543 532 dimeter
569 499 778 531 catalecticus

122 554 191 588 266
214 556 256 587 ad
281 553 349 589 272
374 555 484 586 cretici
509 555 691 586 tetrametri
717 554 889 587 acatalecti

118 607 186 643 273
210 612 349 641 creticus
375 614 566 642 tetrameter
591 609 802 641 catalecticus

121 662 190 697 274
211 666 255 696 ad
278 663 345 697 277
371 664 481 696 cretici
506 665 686 696 tetrametri
711 665 881 697 acatalecti

119 719 188 754 278
211 722 255 753 ad
278 720 345 754 286
369 721 538 753 bacchiaci
562 722 743 752 tetrametri
769 721 943 754 acatalecti

119 774 187 809 287
211 776 408 808 bacchiacus
436 777 576 809 dimeter
599 777 798 809 acatalectus

119 829 187 864 288
212 831 408 863 bacchiacus
431 836 622 863 tetrameter
644 831 843 863 acatalectus

58 905 69 910 -
117 883 186 919 289
212 885 401 917 trochaicus
426 886 566 918 dimeter
590 886 794 918 acatalectus

117 939 186 973 290
211 941 254 972 ad
278 939 345 973 413
368 941 501 972 iambici
525 942 703 983 septenarii

115 994 184 1027 414
205 996 248 1026 ad
273 994 341 1028 449
365 995 522 1027 trochaici
547 997 726 1037 septenarii

113 1049 183 1083 450
208 1051 252 1083 ad
276 1049 344 1084 558
367 1052 500 1082 iambici
525 1052 646 1083 senarii

112 1105 180 1140 559
205 1107 247 1139 ad
275 1106 342 1140 592
365 1107 524 1139 trochaici
547 1109 725 1149 septenarii

114 1160 182 1195 593
207 1163 248 1193 ad
273 1161 341 1195 614
365 1163 497 1194 iambici
519 1163 641 1194 senarii

113 1215 180 1250 615
206 1218 249 1249 ad
273 1215 340 1250 663
362 1216 520 1250 trochaici
546 1218 725 1259 septenarii

113 1270 182 1305 664
207 1273 250 1304 ad
275 1270 342 1306 666
367 1273 478 1304 cretici
501 1273 684 1304 tetrametri
709 1272 880 1305 acatalecti

113 1324 181 1360 667
205 1333 236 1358 et
261 1326 329 1360 668
350 1327 520 1359 bacchiaci
545 1327 726 1359 tetrametri
751 1328 922 1360 acatalecti

115 1379 183 1414 669
208 1382 252 1413 ad
274 1380 341 1415 673
366 1382 477 1414 cretici
501 1382 683 1414 tetrametri
709 1383 877 1414 acatalecti

51 1455 65 1460 -
114 1434 182 1469 674
207 1442 237 1468 et
259 1436 326 1471 675
351 1437 521 1470 bacchiaci
544 1439 728 1471 tetrametri
752 1438 923 1471 acatalecti

111 1492 179 1527 676
204 1495 368 1527 iambicus
392 1495 600 1537 septenarius

112 1548 179 1583 677
202 1550 390 1583 trochaicus
417 1551 625 1593 septenarius

47 1624 61 1629 -
110 1603 178 1638 678
203 1606 246 1637 ad
268 1603 337 1638 680
361 1607 473 1638 cretici
497 1607 680 1638 tetrametri
705 1607 877 1639 acatalecti

46 1680 60 1686 -
108 1659 174 1694 681
201 1662 246 1693 ad
269 1659 335 1695 705
361 1663 496 1694 iambici
520 1664 702 1705 septenarii

108 1715 175 1750 706
200 1717 244 1748 ad
268 1714 335 1750 779
359 1717 518 1750 trochaici
542 1719 721 1760 septenarii

105 1771 174 1805 780
198 1773 240 1804 ad
265 1771 332 1806 905
359 1773 491 1804 iambici
514 1774 637 1805 senarii

103 1827 171 1862 906
197 1829 241 1860 ad
264 1826 333 1861 918
357 1828 527 1861 bacchiaci
550 1829 730 1862 tetrametri
754 1828 924 1862 acatalecti

105 1881 172 1917 919
196 1884 358 1915 iambicus
384 1885 523 1916 dimeter
548 1885 747 1917 acatalectus

103 1937 172 1971 920
198 1939 241 1971 ad
265 1937 334 1972 937
356 1939 515 1971 trochaici
540 1941 698 1971 octonarii

102 1992 172 2027 938
197 1995 239 2026 ad
266 1993 336 2028 944
362 1996 493 2027 iambici
520 1997 677 2027 octonarii

104 2047 170 2083 945
196 2051 239 2082 ad
264 2048 333 2083 948
356 2050 492 2083 iambici
521 2052 700 2092 septenarii

103 2103 171 2138 949
194 2106 238 2137 ad
261 2104 328 2138 951
355 2106 465 2138 cretici
490 2107 670 2139 tetrametri
696 2106 867 2138 acatalecti

103 2159 171 2193 952
196 2164 227 2192 et
251 2159 320 2194 954
344 2161 502 2193 trochaici
527 2163 723 2194 monometri
747 2160 988 2205 hypercatalece

103 2213 171 2248 953
195 2221 227 2246 et
251 2213 318 2247 955
344 2216 455 2247 cretici
479 2216 618 2248 trimetri
645 2216 824 2249 catalectici

104 2268 171 2303 956
195 2270 237 2301 ad
261 2268 329 2303 962
352 2271 510 2303 trochaici
537 2273 699 2304 octonarii

1234 164 1324 206 271⁷
