1511 2502
0 98 322 137 -q-,V1l—2ll
509 86 898 128 STICHVS.
1249 85 1330 128 265

477 421 784 482 Ac'fvs
855 421 904 481 V.

511 554 870 592 S'r1cflvs.

171 657 291 695 More
312 656 389 694 hoc
407 655 453 693 fit
471 659 591 705 atque
609 652 734 692 stulte
751 666 838 693 mea
854 656 1072 706 sententia,

172 721 215 759 Si
232 733 350 771 quem
366 721 571 759 hominem
585 723 802 771 expectant
816 719 906 759 eum
920 719 1055 760 solent
1070 724 1328 774 prouisserez

171 785 243 825 1115
261 787 329 837 qui
347 799 485 825 caussa
500 784 642 824 hercle
660 786 770 823 ocius
786 785 913 824 nihilc'·
930 787 1054 825 uenit.

171 851 282 890 Idem
300 853 373 902 e'go
391 864 497 889 nunc
514 851 634 901 facio,
653 853 720 902 qui
734 853 920 903 prouisso
938 852 1195 903 Sagarinum:

172 918 248 967 Qui
264 915 394 955 nihilo
413 917 531 955 citius
548 917 687 954 ueniet
703 921 837 955 tamen
854 917 928 956 hac
945 918 1086 968 gratia.
1259 924 1326 959 645

173 983 252 1021 Iam
281 981 424 1021 hercle
456 981 530 1033 ego
562 980 799 1020 decumbam
829 981 959 1033 solus,
990 984 1023 1021 si
1045 982 1120 1021 ille
1142 984 1221 1022 huc
1245 986 1326 1022 non

660 1048 785 1086 uenit.

172 1113 325 1152 Cadl'lm
348 1112 467 1152 modo
490 1114 585 1151 hinc
601 1127 621 1151 a
638 1125 701 1151 me
717 1113 797 1151 huc
815 1125 903 1151 cum
919 1113 1013 1150 uino
1032 1113 1297 1152 transferam:

170 1178 361 1218 Postidea
379 1178 624 1218 adcumbam.
659 1179 771 1230 quasi
787 1179 854 1217 nix
870 1179 1044 1217 tabescit
1061 1177 1160 1218 dies.

381 1409 696 1447 SAGARIst.
759 1410 992 1447 S'rlcflvs.

169 1509 244 1548 SA.
278 1508 444 1548 Saluete
460 1511 661 1560 Athenae,
683 1511 785 1561 quae
801 1511 984 1549 nutrices
1001 1510 1219 1550 Graeciae:

164 1574 294 1614 Erilis
309 1575 454 1626 patria,
472 1574 621 1624 [saluez
652 1576 710 1625 ut]
727 1580 769 1613 te
787 1575 907 1613 uideo
924 1574 1084 1614 lubens.
1255 1582 1324 1617 650

168 1639 241 1678 Set
258 1642 382 1678 amica
397 1651 485 1678 mea
502 1644 543 1678 et
560 1641 758 1678 conserua
775 1639 872 1691 quid
890 1645 980 1691 agat
996 1640 1276 1692 Stephanium,

168 1704 316 1742 Curast
331 1710 376 1742 ut
389 1704 562 1744 uideam.
594 1708 685 1743 nam
702 1705 842 1743 Sticho
858 1704 1144 1743 mandaueram

168 1768 348 1808 Salutem
367 1769 436 1820 [ei]
456 1775 500 1808 ut
514 1771 722 1809 nuntiaret
739 1775 860 1822 atque
877 1772 916 1809 ei
934 1770 1094 1809 diceret

165 1834 236 1872 Me
253 1833 377 1872 hodie
392 1839 622 1887 uenturum,
642 1841 686 1875 ut
703 1837 843 1875 cenam
860 1842 1059 1888 coqueret
1075 1838 1263 1889 te'mperi.

166 1899 239 1938 Set
263 1899 425 1939 Stichus
449 1906 512 1940 est
535 1902 601 1941 hic
624 1902 801 1954 quidem.
848 1903 927 1941 ST.
960 1903 1128 1954 Fecisti,
1153 1915 1239 1954 ere,
1262 1903 1323 1941 fa-

656 1968 796 2017 cetias,
1254 1974 1322 2008 655

168 2029 298 2079 Quom
312 2031 389 2069 hoc
407 2030 608 2070 donauisti
624 2031 730 2071 dono
747 2037 859 2071 tuum
874 2034 1036 2071 serudm
1053 2032 1250 2072 Stichum.

165 2095 247 2133 Pro
265 2094 306 2133 di
321 2096 571 2148 inmortales,
589 2100 687 2149 quot
703 2110 777 2149 ego
794 2097 1016 2150 uoluptatis
1032 2098 1138 2150 fero,

167 2163 275 2211 Quot
289 2164 498 2214 rissiones⁷
516 2167 614 2216 quot
626 2166 752 2215 iocos,
773 2170 870 2216 quot
887 2165 995 2203 sauia

169 2225 414 2267 saltationes
434 2228 650 2269 blanditias
667 2231 932 2282 protln‘imiaS.
