1511 2502
130 170 213 212 308
610 168 920 208 PLAVTI
1139 179 1400 214 111344—-74

131 283 187 321 Et
203 284 296 321 eum
311 281 540 321 rediturum
557 282 748 319 actutum.
780 282 889 320 ferat
905 280 1102 333 epistulas

132 347 261 386 Duas:
295 346 361 386 eas
377 360 451 385 nos
467 346 762 396 consignemus,
781 349 894 397 quasi
911 349 993 386 sint
1008 351 1030 385 a
1045 352 1175 399 patre.
1332 351 1399 387 775

133 413 195 452 Illi
213 412 284 451 det
300 412 482 462 alteram,
501 411 670 450 alteram
690 410 797 449 dicat
812 413 888 451 tibi

133 480 240 518 Dare
257 479 348 517 se'se
365 477 488 517 uelle.
536 478 617 517 CA.
650 478 783 529 Perge
800 491 924 530 porro
942 479 1096 519 dicere.

134 545 228 584 ME.
262 545 398 596 Seque
417 545 557 582 aurum
575 544 689 582 ferre
704 545 855 595 uirgini
873 544 1011 583 dotem
1027 548 1049 583 a
1063 550 1180 597 patre

133 610 249 648 Dicat
263 614 504 661 patremque
519 608 564 647 id
578 609 744 647 iussisse
761 622 901 647 aurum
917 612 992 649 tibi
1010 610 1120 649 dare.

134 674 272 712 Tenes
308 674 388 711 iam
399 673 418 710 ’ἒ
474 673 556 712 CA.
605 672 862 724 Propemodo
874 702 886 723 ,
925 677 1046 725 Atque
1085 673 1264 712 ausculto
1302 675 1399 725 per-

736 735 892 775 lubens.
1331 741 1399 776 780

131 803 226 842 ΜΕ.
259 802 365 840 Tum
379 806 425 840 tu
439 802 563 851 igitur
580 800 741 839 demum
754 800 799 839 id
813 799 1069 839 adulescenti
1085 803 1226 840 aurum
1242 801 1369 852 dabis,

131 869 213 907 Vbi
230 870 308 906 erit
324 866 457 906 locata
473 869 589 917 uirgo
606 868 647 905 in
664 868 974 906 matrimonium.

133 934 215 972 CA.
249 932 360 972 Scite
384 931 526 971 hercle
551 945 659 971 sane.
705 933 799 970 ME.
832 932 936 982 Hoc,
962 932 1030 970 1‘1bi
1051 932 1314 971 thensaurum
1330 945 1397 971 ec-

739 996 909 1047 foderis,

131 1064 408 1115 Suspitionem
424 1063 470 1101 ab
488 1061 749 1101 adulescente
767 1064 978 1101 amoueris.

131 1128 329 1167 Censebit
344 1140 483 1166 aurum
499 1139 589 1165 esse
607 1130 628 1165 a
642 1132 759 1179 patre
778 1126 957 1166 adlatum
972 1128 1068 1166 tibi:
1328 1131 1394 1167 785

132 1193 197 1232 Tu
213 1192 265 1231 de
279 1192 500 1230 thensauro
517 1194 663 1232 sumes.
709 1194 790 1232 CA.
823 1193 928 1232 Satis
945 1194 1047 1231 scite
1068 1194 1110 1232 ot
1123 1193 1274 1245 probe:

131 1258 380 1308 Quamquam
397 1258 474 1295 hoc
491 1269 554 1295 me
572 1259 716 1296 aetatis
733 1259 1020 1310 sucophantari
1036 1257 1176 1310 pudet.

132 1322 205 1360 Set
221 1321 417 1374 epistulas
435 1322 593 1373 quando
612 1325 842 1375 opsignatas
863 1323 1037 1372 adferet,

129 1389 274 1427 Nonne
292 1390 503 1428 arbitraris
519 1391 606 1428 tum
620 1389 926 1429 adulescentem
942 1389 1051 1428 anuli

129 1453 297 1493 Paterni
314 1453 471 1504 signum
486 1456 648 1493 nouisse
659 1456 679 1492 ⁴?
722 1456 814 1494 ME.
845 1456 979 1494 Etiam
994 1455 1039 1493 t1‘1
1055 1458 1165 1492 taces
1176 1452 1196 1490 ’.ἓ
1327 1457 1395 1492 790

131 1517 351 1556 Sesce'ntae
370 1518 420 1556 ad
436 1531 524 1557 eam
539 1531 627 1557 rem
644 1521 789 1557 canisae
806 1524 977 1571 possunt
993 1518 1162 1569 conligi:

128 1584 232 1622 Eum
248 1595 368 1634 quem
382 1584 524 1621 habuit
539 1583 736 1634 perdidit,
754 1585 874 1622 alium
889 1589 982 1636 post
997 1584 1098 1622 fecit
1112 1595 1270 1622 nouom.

128 1648 209 1686 lam
228 1649 263 1686 si
279 1649 507 1700 opsignatas
523 1650 603 1686 non
619 1649 742 1698 feret,
760 1648 840 1686 dici
856 1650 932 1686 hoc
948 1652 1085 1700 potest

127 1714 238 1764 Aput
253 1714 477 1764 portitores
494 1711 561 1752 eas
577 1714 803 1764 resignatas
819 1715 896 1751 sibi

127 1777 416 1829 Inspectasque
433 1789 536 1816 esse.
565 1778 607 1815 in
622 1775 740 1816 huius
757 1776 866 1816 modi
882 1779 1046 1829 negotio
1325 1780 1390 1816 795

128 1842 247 1881 Diem
262 1855 451 1881 sermone
468 1844 608 1881 terere
624 1844 817 1893 segnities
834 1848 1005 1881 merast:

128 1907 320 1956 Quamuis
336 1919 545 1946 sermones
560 1910 730 1959 possunt
744 1907 857 1958 longi
872 1908 1018 1946 toxier.

128 1973 206 2011 Abi
227 1972 277 2011 ad
291 1973 555 2011 thensaurum
570 1974 646 2011 iam
664 1973 879 2011 confestim
897 1972 1143 2011 clanculum:

127 2037 292 2087 Sel-uos,
310 2037 476 2076 ancillas
494 2039 655 2076 amone:
687 2044 807 2089 atque
825 2037 974 2075 audin?
1018 2037 1098 2075 CA.
1129 2033 1235 2084 Quid
1252 2033 1343 2072 est?

125 2102 219 2140 ME.
252 2102 431 2141 onrem
454 2116 613 2154 quoque
639 2115 800 2154 eampse
829 2103 932 2140 hzinc
956 2114 1042 2139 rem
1068 2101 1127 2138 uti
1153 2098 1261 2137 celos
1277 2098 1388 2136 face:

130 2166 226 2203 Nam
242 2166 312 2217 pol
331 2171 470 2205 tacere
490 2169 705 2219 numquam
724 2168 976 2218 quicquamst
992 2164 1100 2217 quod
1117 2168 1278 2215 queant.
1320 2167 1385 2201 801

125 2230 233 2279 Quid
249 2232 356 2269 nunc
374 2237 454 2269 stas
465 2232 485 2269 ‘3
516 2233 613 2283 quin
634 2237 679 2270 tu
694 2232 789 2269 hinc
807 2231 880 2281 [te]
899 2234 1060 2269 amoues
1078 2234 1121 2267 et
1133 2230 1176 2266 te
1191 2238 1330 2265 moues
1341 2226 1360 2264 ’.ἱ

127 2297 265 2347 Aperi,
285 2295 480 2347 deprome
496 2297 592 2335 inde
609 2298 698 2336 ariri
714 2295 765 2334 ad
779 2297 882 2334 hanc
899 2307 987 2333 rem
1004 2293 1112 2347 quod
1126 2298 1188 2332 sat
1205 2298 1286 2331 est:
