1511 2502
21 132 344 166 11112120—49
438 131 801 171 CAPTIVI.
1211 129 1290 171 107

76 245 163 284 ΗΕ.
194 245 303 285 Ciira
327 257 443 296 quam
467 244 631 296 optume
645 247 777 295 potes.
821 243 905 282 ER.
936 243 1049 281 Bene
1073 240 1231 281 ambula
1248 248 1290 280 et

623 306 868 346 redambula.
1223 311 1291 346 900

78 364 168 413 illic
183 375 278 412 hinc
295 375 412 412 abiit:
442 374 540 412 mihi
557 386 642 412 rem
660 386 850 411 summam
867 371 1045 411 credidit
1060 373 1264 412 cibariam.

80 439 129 477 Di
155 438 413 488 inmortales,
444 440 522 476 iam
539 439 583 476 1‘1t
599 450 673 489 ego
699 436 828 476 collos
852 438 1150 489 praetruncabo
1175 437 1290 487 tego-

626 503 751 540 ribus.

82 570 239 619 Quanta
256 570 396 621 pernis
412 569 540 621 pestis
561 570 714 619 ueniet,
740 565 1016 619 quantalabes
1031 566 1176 613 larido,

77 636 234 684 Quanta
251 636 396 674 sumini
417 634 651 686 apsumedo,
673 636 820 684 quanta
837 631 942 671 callo
962 631 1180 682 calamitas,

82 700 239 748 Quanta
253 698 373 737 laniis
388 698 601 749 lassitudo,
627 701 773 749 quanta
788 698 1051 749 porcinariis:
1222 703 1289 738 905

82 764 180 802 Nam
199 763 278 802 alia
294 764 327 803 si
343 764 576 813 memorem,
603 774 704 814 quae
727 761 776 800 ad
796 761 953 800 uentris
970 763 1121 800 uictum
1138 759 1291 800 condu-

626 828 735 876 ciint,
752 831 914 865 morast.

78 892 194 930 Nilne
210 893 276 930 ibo
297 892 353 942 [in
371 891 513 942 meam]
532 891 846 943 praefecturam,
864 891 908 929 1'1t
924 891 984 929 ius
1002 890 1132 929 dicam
1146 890 1275 929 larido

83 947 135 994 Et
157 968 258 1008 quae
275 956 457 1008 pendent
475 956 729 994 indemnatae
745 957 920 1007 pernae,
953 957 1012 994 eis
1038 955 1290 994 auxilium1¹1t

628 1022 768 1060 feram.

584 1241 729 1280 Pvssn.

30 1340 238 1391 Diespiter
254 1344 296 1377 te
314 1338 450 1389 dique,
466 1336 667 1388 Ergasile,
692 1337 866 1389 perdant
881 1342 924 1376 et
944 1339 1130 1377 uentre'm
1152 1344 1263 1377 tuum

29 1407 315 1457 Parasitosque
359 1405 487 1442 omnis
526 1405 568 1441 et
613 1405 681 1454 qui
713 1404 883 1454 posthac
921 1404 1060 1442 cenam
1101 1405 1290 1456 parasitis

627 1468 753 1510 dabit.
1225 1475 1293 1509 910

33 1535 181 1576 Clades
198 1534 498 1586 calamitasque,
523 1535 789 1586 intemperies
814 1533 933 1572 modo
954 1535 995 1571 in
1020 1539 1199 1573 nostram
1222 1535 1292 1573 ad-

629 1601 744 1637 uenit
761 1597 933 1637 domum.

32 1666 152 1715 Quasi
178 1665 229 1716 [si
245 1664 313 1717 sit]
330 1664 451 1717 lupus
469 1665 667 1713 esuriens,
693 1665 819 1702 metui
835 1676 886 1702 ne
904 1666 942 1701 in
968 1676 1031 1702 me
1054 1664 1214 1702 faceret
1230 1666 1291 1702 in-

628 1733 779 1781 petum.

8 1826 11 1829 »
32 1794 239 1846 Nimisque
256 1794 396 1833 he'rcle
422 1806 497 1845 ego
515 1792 631 1832 illum
656 1793 760 1832 male
782 1792 1069 1831 formidabam:
1100 1794 1155 1831 ita
1178 1793 1293 1830 fren-

630 1858 752 1897 debat
768 1857 969 1896 dentibus.

33 1923 266 1962 Adueniens
283 1922 516 1962 deturbauit
532 1928 660 1963 totum
677 1925 767 1962 mim
782 1924 894 1962 carni
911 1924 1150 1963 carnarium.

33 1988 220 2040 Arripuit
250 1986 449 2039 gladium,
489 1988 748 2027 detruncauit
782 1990 911 2027 tribus
940 1990 1150 2039 tegoribus
1179 1987 1292 2041 glan-

629 2054 707 2095 dia.
1224 2060 1291 2094 915

36 2118 156 2158 AulaS
187 2117 417 2170 calicesque
447 2121 576 2157 omnis
606 2119 831 2170 confregit,
861 2120 940 2157 nisi
970 2131 1072 2171 quae
1096 2118 1293 2158 modiales

633 2188 768 2222 erant:

37 2249 184 2288 cocum
201 2250 532 2300 percontabatur,
549 2253 718 2300 possent
736 2249 868 2286 seriae
883 2249 1132 2287 feruescere.
