1511 2502
118 159 203 200 304
601 159 909 200 PLAVTI
1128 174 1389 209 111253-74

116 270 200 309 LE.
231 269 373 310 Fa0ile
389 271 619 310 inuentust:
651 271 814 310 dabitur
831 273 950 324 ignis,
968 279 1049 314 tam
1066 276 1143 315 etsi
1160 277 1207 315 ab
1224 277 1387 315 inimico

721 342 849 389 petas.

120 402 193 442 Set
207 408 253 442 tu
270 405 487 456 obiurgans
504 417 568 443 me
585 407 605 443 a
621 405 801 457 peccatis
817 407 926 457 rapis
945 405 1197 447 deteriorem
1214 411 1254 447 in
1269 409 1386 447 uiam.

119 470 256 510 Meam
272 484 457 510 sororem
473 473 548 510 tibi
567 471 658 510 dem
674 470 819 509 suades
840 474 928 511 sine
946 472 1054 513 dote.
1088 474 1180 524 aha,
1200 487 1282 513 non
1298 476 1393 512 con-

723 538 839 575 uenit
1320 544 1389 579 681

119 603 193 642 Me
213 603 281 654 qui
297 603 442 640 abusus
458 605 612 640 tantam
627 614 716 640 rem
733 615 820 640 sum
835 603 1007 654 patriam
1022 616 1146 655 porro
1162 605 1205 642 in
1222 603 1333 643 ditiis

122 656 223 707 Esse
240 680 461 719 agrumque
477 668 647 718 habere,
667 680 791 718 egere
806 667 920 706 illam
936 669 1084 719 alitem,
1100 674 1145 708 ut
1159 671 1306 709 merito
1322 681 1387 707 me

724 732 871 771 oderit.

120 799 347 849 Numquam
390 798 471 836 erit
511 795 656 834 alienis
687 798 821 847 grauis
865 798 933 848 qui
973 797 1054 836 suis
1098 810 1142 836 se
1173 800 1390 838 concinnat

722 862 873 902 leuem.

121 931 235 969 Sicut
255 930 338 969 dixi
357 931 523 969 faciam:
554 927 666 967 nollo
683 929 725 967 te
740 929 883 967 iactari
901 927 1063 968 diutius.
1320 934 1387 969 685

117 996 203 1035 LV.
237 995 401 1034 Tanton
416 992 580 1032 meliust
596 994 637 1031 te
654 993 808 1031 sororis
826 994 944 1032 causa
960 997 1185 1045 egestatem
1202 994 1348 1045 exequi

121 1048 257 1111 Atque
283 1072 375 1099 eum
398 1071 462 1097 me
488 1071 627 1109 agrum
650 1059 805 1096 habe‘re
831 1071 947 1109 quam
966 1062 1032 1110 te,
1060 1060 1132 1098 t1'1a
1147 1060 1216 1111 qui
1231 1057 1388 1098 toleres

720 1124 909 1162 moenia?

115 1191 196 1230 LE.
229 1188 350 1229 Ndllo
368 1201 442 1240 ego
460 1190 558 1227 mihi
574 1193 616 1227 te
632 1191 712 1227 tam
727 1189 967 1240 prospicere
996 1190 1065 1239 qui
1081 1201 1210 1227 meam
1226 1192 1384 1240 egesta-

720 1256 800 1291 tam
814 1252 945 1303 leues,

117 1321 190 1359 set
207 1324 251 1357 ut
267 1320 384 1371 inops
400 1319 561 1358 infamis
577 1330 629 1357 ne
646 1319 741 1356 sim:
770 1320 824 1356 ne
839 1319 892 1356 mi
908 1319 1012 1356 hanc
1031 1318 1177 1356 famam
1194 1316 1384 1356 differant

116 1385 187 1423 Me
212 1397 444 1435 germanam
457 1383 585 1423 meam
604 1396 788 1422 sororem
802 1384 845 1421 in
861 1383 1172 1422 concubinatum
1187 1383 1263 1420 tibi
1318 1387 1386 1422 690

115 1450 181 1487 Sic
199 1450 286 1487 sine
304 1449 400 1487 dote
420 1448 627 1487 dedidisse
644 1450 769 1499 magis
788 1462 905 1499 quam
920 1449 963 1486 in
978 1448 1288 1486 matrimonium.

115 1515 211 1563 Quis
228 1525 292 1551 me
307 1514 521 1565 inprobior
536 1514 804 1564 perhibeatur
821 1514 911 1551 esse
923 1514 942 1550 ‘3
971 1514 1073 1551 haec
1090 1512 1344 1562 famigeratio

114 1580 177 1618 Te
194 1581 400 1629 honestet,
416 1590 480 1616 me
498 1579 631 1616 autem
646 1577 875 1627 conlutitet,
893 1580 927 1616 si
945 1579 1033 1616 sine
1051 1577 1147 1616 dote
1164 1577 1341 1616 duxeris.

114 1645 209 1683 Tibi
227 1646 280 1683 sit
294 1645 609 1683 emolumentum
619 1644 808 1682 honoris:
838 1644 935 1681 mihi
948 1642 1056 1694 quod
1068 1643 1277 1681 obiectent
1288 1643 1376 1682 siet.

112 1711 194 1750 LV.
228 1710 364 1760 Quid?
394 1714 436 1748 te
461 1709 704 1748 dictatorem
727 1720 871 1746 censes
895 1709 1001 1758 fore,
1033 1709 1067 1746 si
1094 1721 1163 1759 aps
1179 1711 1221 1745 te
1239 1720 1379 1758 agrum

715 1775 943 1826 acceperim
953 1775 972 1812 ‘3
1311 1778 1379 1812 690

111 1843 192 1881 LE.
223 1842 367 1893 Neque
390 1840 483 1879 uolo
515 1852 649 1892 neque
676 1838 839 1891 postulo
870 1852 1004 1890 neque
1029 1840 1197 1878 censeo:
1235 1839 1378 1877 uerum

712 1910 847 1943 tamen

110 1963 147 2011 Is
165 1978 229 2012 est
244 1974 374 2011 honos
390 1972 546 2010 homini
558 1970 706 2023 pudico
722 1971 955 2008 meminisse
973 1970 1153 2009 officium
1169 1982 1295 2008 suum.

110 2039 193 2079 LV.
227 2039 318 2077 Scio
344 2037 535 2089 equidem
558 2042 600 2076 te
632 2038 827 2075 animatus
856 2041 901 2075 ut
930 2038 1006 2075 sis:
1036 2035 1171 2087 uideo,
1197 2033 1374 2084 subolet,

711 2103 857 2141 sentio,

109 2160 154 2209 id
179 2169 263 2220 agis
278 2173 344 2219 ut,
369 2169 439 2206 ubi
456 2167 711 2206 adfinitatem
726 2168 835 2204 inter
849 2179 923 2204 nos
940 2169 1120 2204 nostram
1137 2164 1374 2204 astrinxeris

112 2221 246 2285 Atque
271 2246 362 2272 eum
385 2246 524 2284 agrum
550 2232 715 2271 dederis
739 2244 816 2269 nec
832 2232 1047 2282 quicquam
1061 2231 1128 2269 hic
1143 2230 1219 2269 tibi
1237 2230 1290 2268 sit
1307 2228 1375 2280 qui

699 2298 822 2335 uitam
841 2296 962 2346 colas,
1307 2297 1375 2332 700
