1511 2502
74 110 339 147 1111453-71
452 98 971 138 BACCHIDES.
1294 102 1350 142 89

73 215 177 266 Quid
193 216 291 254 mihi
308 216 439 253 refert
458 211 659 252 Chnisalo
679 223 768 250 csse
785 214 946 262 nomem
964 213 1043 250 nisi
1055 212 1173 251 factis
1186 214 1347 265 probo‘.²

73 281 145 320 Set
169 294 276 319 nunc
301 278 540 332 quantillum
566 279 698 316 1'1ssust
724 278 809 315 auri
837 278 935 328 tibi,
966 277 1249 330 Mnesiloche,
1282 278 1347 318 (lic

676 344 786 381 mihi.
1278 350 1345 385 705

72 413 164 452 ΜΝ.
188 410 312 450 Militi
330 413 500 449 nummis
519 409 707 449 ducentis
724 410 801 447 iam
819 410 935 448 ussus
953 414 1016 448 est
1030 423 1105 461 pro
1126 409 1343 449 Bacchide.

73 477 157 516 CH.
190 467 276 528 Ego
297 476 411 515 dabo.
455 475 550 515 MN.
583 475 688 514 Tum
706 475 824 513 nobis
841 487 941 527 opus
959 480 1022 513 est
1039 477 1213 527 sumptu.
1258 475 1343 514 CH.

673 541 751 591 Ah,
768 539 930 592 placide
947 539 1041 579 uolo

75 598 201 646 Vnum
222 608 395 659 quicque
418 609 599 658 agzimus:
631 607 708 644 hoc
725 606 793 643 ubi
812 606 1172 656 egero‚tu1nist1¹1c
1191 618 1316 657 agam.

69 673 129 712 De
157 672 342 712 ducentis
373 674 546 710 nummis
571 672 744 724 primum
772 670 981 709 intendam
1006 670 1208 709 ballistam
1227 672 1264 708 in
1282 683 1344 709 se-

675 750 781 776 nem.

68 792 125 842 Ea
142 801 302 841 ballista
319 805 353 841 si
371 808 607 854 peruortam
624 804 769 841 turrim
789 807 829 840 et
847 801 1167 854 propugnacula,
1278 809 1347 843 710

69 869 195 909 Recta
218 874 336 921 porta
361 868 548 907 inuadam
574 868 779 921 extemplo
806 869 846 905 in
870 867 1061 919 oppidum
1079 869 1286 920 antiquom
1305 870 1346 906 et

676 939 813 972 uetus:

73 999 113 1039 Si
129 999 171 1038 id
187 1013 321 1052 capso,
340 1001 518 1051 geritote
536 1001 673 1039 amicis
690 999 841 1038 uostris
860 1012 1000 1037 aurum
1017 999 1221 1049 corbibus,

73 1064 183 1103 Sicut
199 1065 352 1102 animus
370 1066 518 1116 sperat.
562 1065 623 1104 ΡΙ.
656 1066 766 1117 Aput
778 1070 857 1103 test
870 1065 1024 1103 animus
1035 1070 1190 1115 noster,
1209 1064 1347 1103 Clu-(1-

673 1130 769 1170 sale.

71 1194 154 1233 CH.
185 1195 301 1234 Ni'lnc
319 1200 363 1234 tu
381 1196 444 1234 abi
462 1196 570 1234 intro
583 1225 594 1246 9
618 1195 869 1247 Pistoclere,
893 1196 942 1235 ad
959 1195 1203 1235 Bacchidem
1221 1200 1344 1247 atque

671 1262 784 1301 ecfer
803 1263 882 1301 cito
901 1293 908 1301 .
925 1294 933 1301 .

68 1324 130 1363 ΡΙ.
164 1322 269 1373 Quid
281 1324 300 1361 ’.ἶ
350 1325 436 1365 CH.
470 1325 618 1365 stilum
635 1330 768 1366 ceram
785 1326 956 1366 tabellas
976 1327 1114 1366 linum.
1167 1327 1228 1365 ΡΙ.
1261 1327 1341 1365 Iam

671 1393 760 1430 saxo
782 1394 846 1431 hic
865 1398 997 1432 erunt.
1276 1398 1342 1432 715

69 1455 165 1496 MN.
200 1456 305 1506 Quid
327 1469 434 1495 nunc
452 1469 494 1496 es
515 1458 727 1496 facturus?
755 1458 796 1496 id
813 1460 910 1497 mihi
929 1459 1005 1498 dic.
1053 1460 1138 1500 CH.
1173 1460 1343 1499 coctum

671 1530 757 1563 esto
775 1525 1010 1577 prandium:

69 1589 152 1629 Vos
170 1588 248 1628 duo
267 1591 383 1629 eritis
401 1593 522 1642 atque
540 1593 664 1630 amica
680 1593 747 1630 tua
765 1594 845 1631 erit
861 1598 996 1632 tecum
1012 1593 1147 1632 te'rtia.

69 1655 163 1696 MN.
196 1656 309 1695 Sicut
340 1656 452 1696 dicis.
495 1657 579 1697 CH.
611 1658 842 1698 Pistoclero
867 1658 981 1698 nulla
1007 1659 1201 1697 amicast?
1246 1659 1341 1698 MN.

668 1715 790 1764 lmmo
810 1725 943 1764 adest:

69 1775 252 1825 Alteram
267 1786 339 1826 ille
356 1791 459 1827 amat
477 1801 682 1841 sororem,
710 1803 784 1841 ego
802 1790 994 1841 alteram,
1021 1792 1154 1829 ambas
1171 1791 1342 1829 Bacchi-

674 1855 758 1896 des.

70 1916 154 1955 CH.
188 1916 293 1966 Quid
309 1923 352 1955 tu
368 1917 568 1970 loquere?
611 1921 707 1961 MN.
740 1922 843 1972 Hoc,
870 1923 911 1959 ut
927 1922 1055 1959 futuri
1073 1923 1219 1960 sumus.
1251 1921 1340 1960 CH.

671 1986 792 2026 Vbist
809 1985 1022 2025 biclinium
1273 1991 1342 2026 720

68 2046 194 2086 deis
224 2049 426 2088 stratum?
483 2051 576 2091 MN.
619 2053 725 2102 Quid
755 2053 797 2091 id
830 2053 1075 2105 exquaeris?
1135 2053 1219 2092 CH.
1257 2053 1340 2091 Res

668 2119 785 2157 itast:
818 2116 898 2157 dici
914 2117 1021 2157 uolo.

68 2173 207 2217 Nescis
235 2177 331 2230 quid
355 2191 429 2231 ego
456 2182 618 2221 acturus
642 2185 714 2222 sim
736 2197 869 2236 neque
887 2185 1042 2224 fait-inus
1060 2188 1252 2236 quantum
1269 2196 1338 2223 ex-

668 2249 817 2289 ordiar.
