1511 2502
55 159 264 196 112945
433 149 957 191 BACCHIDES.
1278 155 1331 194 65

57 264 241 315 Peregre
258 260 516 301 aduenienti:
547 273 621 312 ego
639 262 774 300 autem
793 265 1012 301 uenturum
1027 263 1173 303 Adnuo.

60 331 244 371 Salutem
259 331 335 369 tibi
350 331 397 368 ab
415 326 545 368 sodali
571 328 741 368 solidam
757 330 914 369 nuntio.

58 396 234 448 Rogabis
254 407 317 434 me
335 395 493 433 ubisit:
522 394 647 433 uenit.
692 394 753 434 ΡΙ.
785 394 942 447 Nempe
962 397 1078 434 recte
1095 395 1234 435 ualet‘.²

61 462 146 501 CH.
176 462 283 500 Istuc
299 459 487 499 uolebam
507 472 581 511 ego
601 461 649 499 ex
664 465 704 498 te
721 461 1019 512 percontarier.

57 526 120 566 ΡΙ.
155 526 232 575 Qui
250 526 356 564 seire
372 525 567 577 possum?
606 525 692 565 CH.
716 524 863 564 Nullus
879 525 982 578 plus.
1022 525 1085 566 ΡΙ.
1111 526 1334 576 Quemnam

663 589 714 628 ad
730 589 921 629 modum?
1268 597 1335 632 190

61 657 146 696 CH.
179 657 294 706 Quia,
312 658 346 694 si
360 654 432 694 illa
448 656 655 694 inuentast
673 659 790 708 quam
806 661 924 707 amat,
944 657 1047 695 uiuit
1065 658 1106 696 et
1121 656 1244 697 ualet.

60 722 120 773 [Si
134 735 217 761 non
231 723 400 761 inuenta
415 726 492 773 est,
518 723 648 761 minus
664 722 775 761 ualet
791 722 1139 774 moribundusque
1157 724 1249 775 est.]

62 790 247 828 Animast
264 789 390 827 amica
406 790 574 826 amanti:
605 789 639 826 si
657 790 785 840 abest,
802 788 942 828 nullus
959 794 1033 828 est.

63 855 124 906 [Si
141 855 271 905 adest,
288 867 355 893 res
371 853 480 893 nulla
497 859 573 904 est,
590 855 701 906 ipsus
719 860 795 905 est,
812 867 986 906 nequam
1003 860 1045 894 et
1063 857 1218 907 misen]

62 921 136 959 Set
155 921 201 958 tu
219 919 316 971 quid
334 920 531 958 factitasti
548 919 745 958 mandatis
763 920 915 972 super?
1271 927 1337 961 195

61 985 124 1025 ΡΙ.
156 985 299 1035 Egone
317 985 373 1035 ut,
394 984 502 1036 quod
518 986 565 1023 ab
581 984 655 1023 illo
676 984 772 1036 [me]
791 986 995 1036 attigisset
1007 987 1188 1036 nuntius,

61 1050 153 1089 Non
168 1051 415 1101 inpetratum
431 1048 473 1087 id
493 1049 728 1088 aduenienti
745 1051 783 1088 ei
800 1049 1021 1088 redderem
1032 1050 1052 1088 ’.ἱ

62 1114 266 1165 Regiones
285 1112 421 1152 colere
437 1113 651 1153 mauellem
668 1115 977 1154 Acherunticas.

65 1179 151 1219 CH.
182 1179 286 1230 Eho,

65 1247 130 1284 An
145 1247 339 1284 inuenisti
355 1246 629 1285 Bacchidem?
664 1247 726 1285 ΡΙ.
752 1247 835 1298 [Et]
855 1247 1027 1286 Samiam
1046 1245 1221 1298 quidem.
1272 1253 1337 1287 20ss

66 1311 153 1350 cl-l.
184 1310 291 1350 Vide
310 1312 458 1361 quaeso
474 1313 621 1362 nequis
638 1315 790 1350 tractet
804 1311 916 1350 illam
931 1311 1173 1363 indiligens:

69 1375 157 1413 Scis
172 1379 217 1413 tu
235 1376 277 1413 ut
293 1375 496 1426 confringi
512 1379 582 1415 uas
601 1378 681 1415 cito
699 1377 875 1415 Samium
892 1375 1009 1415 solet.

69 1441 129 1480 ΡΙ.
161 1441 295 1479 Iamne
329 1443 370 1480 1'1t
401 1441 539 1480 soles?
593 1442 678 1481 CH.
710 1443 810 1480 Dice
843 1443 911 1480 1'1bi
942 1454 988 1480 ea
1017 1455 1123 1480 nunc
1154 1448 1239 1493 est,
1271 1444 1342 1495 op-

674 1520 803 1546 secro.

69 1574 132 1613 ΡΙ,
165 1573 258 1623 Hic,
292 1573 507 1612 exeuntem
523 1575 587 1612 mel
602 1573 710 1612 unde
728 1574 922 1625 aspexisti
940 1572 1071 1612 modo.

71 1639 157 1678 GH.
189 1638 245 1678 Vt
263 1638 369 1676 istuc
385 1643 448 1677 est
463 1638 664 1691 lepidum:
695 1642 890 1691 proxume
907 1640 1080 1678 uiciniae
1275 1644 1342 1678 205

70 1705 251 1744 Habitat.
285 1705 524 1757 ecquidnam
541 1707 724 1745 meminit
740 1704 1019 1746 Mnesilochi?
1060 1705 1122 1745 ΡΙ.
1154 1705 1318 1757 Rogas?

73 1772 195 1811 Immo
212 1772 331 1810 unice
347 1785 469 1811 unum
485 1772 665 1825 plurumi
680 1772 836 1825 pendit.
880 1772 966 1811 CH.
995 1772 1143 1823 Papae.

74 1837 137 1876 ΡΙ.
169 1837 291 1875 Immo
308 1837 354 1875 iit
370 1849 456 1876 eam
473 1837 639 1877 credis?
670 1841 820 1877 misere
838 1851 973 1876 amans
991 1837 1213 1875 desiderat.

76 1901 162 1939 CH.
196 1901 349 1939 Scitum
372 1903 486 1942 istuc.
532 1903 594 1942 ΡΙ.
627 1904 749 1942 Immo
762 1933 773 1954 ,
805 1902 1030 1953 Chri‘isale,
1061 1915 1134 1954 en,
1159 1916 1241 1941 non
1256 1903 1347 1941 tan—

677 1968 808 2008 tulum

80 2030 276 2080 quuam
292 2032 528 2072 intermittit
542 2035 700 2087 te'mpus
719 2035 817 2086 quin
832 2046 924 2073 eum
939 2035 1135 2072 nominet.
1281 2039 1349 2072 210

81 2096 167 2134 CH.
203 2095 336 2133 Tanto
355 2096 494 2136 hercle
511 2099 667 2139 melior.
709 2099 772 2138 ΡΙ.
794 2088 917 2137 lmmo
935 2130 943 2138 .
964 2130 971 2138 .
1005 2098 1091 2137 CH.
1114 2098 1235 2137 Immo
1253 2098 1352 2137 her-

685 2162 748 2202 cle
766 2164 904 2203 abiero

81 2226 236 2265 Potius,
282 2225 343 2265 ΡΙ.
376 2226 478 2265 Num
495 2228 645 2267 inuitus
662 2230 749 2268 rem
765 2230 871 2267 bene
889 2233 1043 2279 gestam
1060 2226 1173 2266 audis
1190 2226 1280 2265 eri?

83 2291 169 2330 CH.
200 2290 290 2328 Non
306 2292 386 2341 res,
404 2297 467 2330 set
484 2297 596 2331 actor
612 2294 710 2332 mihi
726 2307 797 2331 cor
815 2292 908 2331 odio
929 2293 1093 2331 sauciat.

138 2356 326 2395 va'rvs
357 2356 401 2394 11.
1056 2361 1076 2394 5
