1511 2502
192 93 264 125 vm
632 97 838 129 EPISTVLA
864 97 970 129 CRJTi
975 97 1027 130 CA

189 194 355 226 obstetrix
380 196 541 228 suadente
566 196 621 228 illo
645 207 742 229 versu
765 198 803 229 V.
822 198 856 230 C.
871 200 1065 230 auctoritate
1090 204 1121 231 et
1135 200 1289 243 analogia
1302 203 1456 235 restitrioe

190 245 222 270 et
254 241 384 272 institor
413 242 600 280 nominum,
634 248 665 274 et
695 244 727 274 in
762 245 898 275 dilectus
926 244 1012 276 Rud.
1033 243 1120 278 1279
1144 255 1202 287 pro
1229 247 1372 280 delectus
1390 249 1452 289 (cf.

189 285 275 316 Fest.
291 286 384 318 Pauli
408 296 441 328 p.
457 284 502 320 73
522 298 595 319 cum
612 287 801 321 Mvsnmiu
818 289 1067 330 adnotatione):
1093 300 1112 322 o
1131 300 1190 331 pro
1205 301 1222 323 e
1235 293 1453 332 praecedente

189 341 209 361 u
233 338 435 364 consonante
457 332 490 363 in
516 343 615 365 norro
641 338 734 366 uorto
753 339 864 366 noster·
888 339 961 366 uoto
980 345 1053 366 cum
1075 344 1136 366 sua
1152 336 1268 368 subole
1284 342 1317 368 ut
1332 348 1452 371 εποντο

188 386 351 408 conuorro
384 382 501 409 auorto
533 384 687 411 reuortor
719 380 896 411 aduorsum
921 389 1084 420 peruorse
1109 382 1285 414 uninorsus
1310 388 1341 413 et
1367 393 1452 423 quae

186 426 264 452 sunt
286 421 422 460 similia,
448 433 512 463 quo
539 424 570 455 in
597 434 718 466 genere
740 434 814 456 sero
838 425 1057 457 animadverti
1071 425 1178 458 levem
1195 427 1449 462 inconstantiam

189 480 287 511 quam
320 481 367 503 ΤΒ
399 478 578 514 praeeunte
611 473 746 505 admisi:
786 484 861 505 nam
883 474 970 506 Trin.
988 472 1054 507 707
1078 484 1220 510 uorsus
1250 485 1309 517 pro
1335 487 1451 509 uersus

188 523 286 554 etiam
318 524 389 555 sine
419 523 512 556 libn's
542 525 752 557 scribendum
784 526 888 558 fuisse
921 525 1000 557 mihi
1036 527 1198 558 concedes
1228 528 1256 559 si
1292 527 1450 571 relegeris

185 574 368 612 Quinctil]
392 574 412 609 7
438 576 481 609 25
498 575 552 618 *):
578 582 750 618 praeterea
775 572 1094 610 controuorsiast
1119 579 1199 611 mihi
1222 581 1449 621 reponendum

187 636 254 662 erat
280 632 365 663 Rud.
380 630 467 671 826,
495 632 614 674 Amph.
630 631 697 666 326
721 625 953 665 interuolli:
983 643 1021 665 oe
1048 634 1165 676 scripsi
1188 644 1247 676 pro
1268 645 1286 667 e
1304 635 1335 666 in
1354 635 1449 668 oboe-

185 680 258 711 dio:
295 686 406 713 contra
435 682 557 722 faenus
594 691 653 723 pro
687 682 787 723 fenus
810 682 861 714 vel
894 683 1031 722 foenus:
1065 686 1098 713 at
1133 683 1253 714 iniuria
1284 685 1449 723 praelium

184 732 303 773 scripsi
327 742 386 774 pro
412 726 615 777 proelium
641 734 730 774 quod
755 734 941 765 restitutum
965 733 1063 764 velim
1083 733 1283 775 Ampl1.225
1301 732 1368 767 255
1380 732 1447 766 415

185 778 252 812 744
278 781 371 823 Capt.
386 779 431 814 60
452 780 660 814 Rud.1154:
695 793 715 813 u
741 792 799 824 pro
825 792 842 814 e
867 786 1055 813 constanter
1079 783 1210 814 servavi
1235 783 1267 814 in
1294 783 1447 815 omnibus

184 827 356 867 gerundiis
384 832 414 857 et
444 828 637 869 gerundivis
669 828 784 858 tertiae
808 837 907 866 qnam
931 832 1047 859 vocant
1072 832 1102 858 et
1128 832 1264 867 quartae
1289 829 1447 870 coniuga-

185 872 283 903 tionis
312 877 345 902 ut
376 873 528 913 ayundae
563 873 683 904 edundi
713 873 884 903 dicundum
913 873 1135 914 quaerundum
1156 873 1310 914 fugiundi
1331 883 1447 905 conue-

184 917 321 949 aizcndus
356 915 509 957 (minime
544 923 654 948 autem
691 918 838 958 gentium
870 918 902 948 in
933 917 1070 948 uidundz'
1099 927 1198 957 qnam
1232 918 1372 950 formam
1406 920 1445 949 ab

183 962 334 993 oscitanti
366 962 497 993 librario
526 962 648 1004 Amph.
675 959 742 994 638
773 962 882 993 fictam
913 961 974 993 fuit
1003 962 1059 1002 qui
1089 972 1152 994 non
1191 968 1443 1005 aspernaretur:

182 1019 327 1045 ceterum
350 1013 417 1046 Mil.
433 1011 479 1046 34
502 1006 888 1059 perhauriundumst
911 1014 1121 1046 scribendum
1141 1020 1207 1046 erat
1226 1021 1257 1047 et
1277 1013 1445 1048 Trin.867

181 1062 410 1101 sistundae:
441 1074 554 1100 contra
583 1079 648 1100 non
681 1068 787 1099 ausim
818 1068 885 1099 Mil.
902 1067 991 1101 1276
1014 1070 1204 1101 nzetuondus
1235 1068 1443 1109 restituere):

181 1129 198 1150 e
221 1128 280 1159 pro
313 1118 380 1148 iin
410 1119 559 1159 intellego
592 1123 622 1148 et
654 1118 787 1158 neglego
819 1126 905 1157 quae
937 1117 1062 1150 formae
1101 1128 1165 1149 non
1198 1124 1325 1150 tantum
1355 1119 1446 1160 apud

180 1163 332 1194 Plautum
364 1163 424 1194 sed
456 1164 545 1204 apud
570 1173 683 1194 omnes
709 1162 843 1194 Latinos
869 1162 1045 1203 scriptores
1071 1164 1161 1194 solae
1185 1163 1285 1195 fidem
1309 1164 1443 1201 habent,

181 1210 213 1240 in
237 1208 341 1239 Aleus
366 1218 424 1249 pro
450 1209 548 1240 Alius
574 1207 682 1249 (quod
706 1218 747 1238 ex
770 1201 896 1243 Ἀλεῐος
920 1207 1031 1239 fictum
1057 1214 1106 1240 est
1129 1214 1164 1239 ut
1188 1209 1378 1249 Philippeus
1404 1219 1445 1241 ex

181 1252 416 1294 Φιλίππειος,
439 1255 557 1294 platea
582 1264 623 1285 ex
649 1252 819 1294 πλατεῖα,
843 1263 1041 1295 gynaeceum
1066 1264 1106 1284 ex
1131 1256 1358 1295 γυναικεῖον,
1387 1254 1443 1286 ba-

179 1301 296 1331 lineum
332 1309 373 1331 ex
403 1297 616 1342 βαλανεῖον,
651 1298 771 1330 chorea
802 1309 843 1330 ex
873 1298 1034 1339 χορεία),
1072 1300 1102 1330 in
1135 1301 1235 1331 semul
1269 1310 1329 1341 pro
1352 1300 1445 1332 simul

180 1344 345 1383 (notanda
368 1346 466 1377 etiam
491 1345 655 1386 scriptura
678 1345 718 1375 V.
736 1343 768 1375 C.
791 1343 999 1376 adsemulabo
1025 1342 1124 1376 Stich.
1140 1343 1218 1386 84),
1244 1345 1385 1385 denique
1410 1346 1442 1376 in

179 1391 295 1422 labeae
320 1400 378 1432 pro
402 1390 510 1422 labiae
536 1387 889 1430 Stich.721(cf.Non.
910 1387 1034 1431 p.210,
1062 1389 1150 1421 unde
1164 1390 1306 1422 fortasse
1321 1388 1443 1423 Mit.93

182 1435 283 1468 {abeis
311 1436 551 1467 restituendum
577 1440 643 1473 est,
676 1435 869 1477 praesertim
893 1445 966 1466 curn
993 1433 1160 1466 Charisius
1184 1437 1196 1466 Ι
1222 1445 1255 1477 p.
1271 1433 1314 1468 79
1339 1435 1444 1467 labris

180 1482 212 1513 in
242 1481 306 1512 hoc
336 1491 433 1512 versu
464 1481 581 1523 legerit
604 1481 694 1521 quod
718 1485 820 1511 metro
845 1479 1046 1522 respuitur):
1079 1491 1099 1511 u
1121 1491 1180 1522 pro
1205 1481 1217 1512 ἰ
1237 1481 1269 1512 in
1292 1480 1442 1523 superla-

180 1527 255 1558 tivis
279 1531 309 1558 et
335 1526 560 1559 numeralibus
591 1532 625 1557 ut
651 1527 802 1557 decumus
826 1526 1027 1558 uicensumus
1051 1531 1272 1558 centensumus
1298 1534 1328 1557 et
1351 1528 1442 1558 simi-

178 1572 265 1604 libus
301 1576 336 1602 ut
367 1574 533 1614 leyz'cumus
563 1573 751 1603 maritumus
781 1572 927 1603 Iacruma
954 1572 1090 1602 uictuma
1116 1576 1258 1603 aestumo
1283 1572 1441 1607 mistum«

178 1617 331 1649 omnibus
366 1617 418 1659 (at
448 1628 511 1649 non
546 1617 577 1648 in
603 1618 750 1648 exumius
774 1627 873 1656 quam
900 1616 1040 1648 sormam
1065 1616 1166 1650 Stich.
1182 1614 1246 1649 381
1275 1617 1378 1648 errori
1403 1617 1441 1648 li-

178 1663 361 1694 brariorum
391 1663 600 1694 tribuendam
635 1662 752 1704 puto),
785 1668 956 1703 praeterea
982 1663 1014 1693 in
1037 1661 1125 1694 lubet
1150 1672 1223 1693 cum
1249 1662 1443 1694 conlabitum

178 1714 208 1739 et
231 1708 339 1740 lubido
365 1714 395 1740 et
419 1708 541 1739 relicua
566 1708 744 1750 progenie,
778 1708 811 1738 in
835 1708 966 1748 clupeus
990 1708 1099 1739 cluens
1125 1713 1155 1739 et
1180 1708 1308 1739 cluenta
1333 1706 1440 1749 (unde

177 1761 276 1791 etiam
301 1753 546 1792 cluentelam
571 1760 781 1792 scribendum
805 1765 873 1791 erat
898 1760 983 1792 Rud.
999 1769 1068 1801 arg.
1084 1757 1124 1800 4)
1149 1760 1349 1800 mancupium
1369 1759 1441 1801 (me

176 1809 279 1841 invito
306 1809 392 1841 Rud.
407 1807 475 1842 930
499 1811 660 1850 mancipia
684 1809 832 1841 relictum
855 1809 923 1848 est)
948 1809 1115 1849 carnufex
1141 1818 1214 1840 cnm
1239 1810 1440 1849 carnufieina

175 1856 375 1896 manufestus
408 1857 569 1896 sacr-asico
601 1856 799 1897 maynuficus
831 1853 938 1893 (unde
967 1854 1131 1894 pontufex*
1156 1854 1241 1886 Rud.
1262 1851 1361 1892 1377,
1385 1854 1440 1895 fu—

175 1901 315 1940 muficem
340 1899 408 1931 Mil.
423 1898 509 1938 412,
540 1902 702 1941 opuficz'na
728 1897 894 1934 Mitt-380,
921 1900 1135 1940 spurcuficum
1160 1899 1248 1930 Trin.
1264 1897 1349 1935 856,
1374 1910 1440 1930 mu-

175 1947 282 1986 nufica
306 1945 428 1987 Amph.
443 1943 528 1983 842,
562 1947 746 1988 sz'ynufieem
770 1944 854 1976 Rud.
870 1941 955 1982 896,
980 1945 1170 1984 pacuficari
1193 1943 1293 1975 Stich.
1315 1942 1382 1977 517
1409 1951 1440 1976 et

175 1991 265 2031 quod
297 1991 499 2022 sescentiens
524 1991 644 2034 legitur
667 1991 848 2030 Iuduficare
873 1990 1064 2030 reponenda
1090 1989 1260 2030 videntur)
1283 1989 1439 2030 subrupz‘o

178 2036 227 2067 vel
249 2037 405 2076 sur-rapio
429 2038 562 2076 occupio
588 2037 703 2069 insulio
727 2035 877 2075 prosulio
903 2035 1027 2066 desulz'o
1054 2033 1155 2076 (quas
1180 2035 1360 2076 scripturas
1386 2046 1439 2066 ra-

246 2175 275 2207 1’)
295 2174 397 2200 eadem
417 2174 562 2207 scriptura
583 2181 687 2199 uorsus
707 2181 774 2198 num
796 2173 882 2198 etiam
902 2172 1005 2206 Amph.
1020 2173 1053 2199 55
1075 2175 1102 2199 et
1122 2173 1203 2207 Capt.
1217 2173 1251 2199 56
1272 2173 1439 2207 reponenda

173 2211 211 2236 sit
238 2209 371 2236 dubitare
399 2210 467 2235 licet
494 2212 615 2243 propter
639 2211 754 2242 tempus
784 2215 841 2241 quo
871 2207 923 2233 hos
950 2208 1089 2242 prologos
1109 2209 1288 2242 compositos
1308 2215 1375 2234 esse
1399 2214 1437 2237 tv

173 2245 318 2271 edocuisti
337 2246 484 2279 Paret-gon
507 2245 564 2272 vol.
584 2245 592 2271 Ι
614 2252 631 2279 p
654 2245 706 2270 232
726 2251 788 2277 sq.:
816 2242 869 2269 sed
890 2251 943 2276 ego
964 2244 1026 2270 illic
1046 2251 1163 2278 quoque
1184 2244 1382 2278 praetulerim.
