1511 2502
84 168 370 205 111118—220
463 156 983 213 BAVCCHIDES.
1307 161 1362 202 33

199 274 392 313 Comesse
409 283 555 326 panem
573 272 648 309 tris
663 269 792 322 pedes
809 269 936 309 latum
953 276 1086 323 potes,
1293 278 1361 314 580

195 340 315 379 Foris
331 337 494 392 pultare
510 336 657 374 nescis,
690 337 830 387 ecquis
848 336 889 373 in
907 335 1124 375 aedibust?

195 406 322 455 Heus,
340 403 480 454 e'cquis
494 402 562 440 hic
579 400 671 439 est?
703 401 842 452 ecquis
859 403 938 440 hoc
954 404 1089 455 aperit
1104 404 1250 442 ostium
1262 404 1281 441 ’.ἶ

194 471 323 522 Ecqui
341 468 452 508 e'xit?
497 468 558 507 ΡΙ.
593 466 700 517 Quid
726 468 862 507 istuc?
903 470 1006 520 quae
1029 470 1157 509 istaec
1180 475 1244 509 est
1267 471 1357 523 pul-

684 535 785 573 satio
797 535 817 572 ’.ἒ

196 600 363 652 [Quiffl]
396 601 499 652 quae
516 604 557 639 te
573 598 678 639 mala
696 614 793 639 crux
809 602 948 653 agitat,
966 602 1034 653 qui
1052 601 1102 641 ad
1118 604 1254 643 istunc
1270 617 1356 642 mo-

685 664 779 704 dum

193 732 341 772 Alie'no
358 733 457 771 uiris
473 731 560 772 tfias
578 736 765 771 extentes
783 733 886 771 ostio
898 733 918 770 ⁶?
1285 740 1351 775 585

191 800 311 838 Foris
326 812 457 852 paene
475 799 697 850 ecfregisti.
726 798 823 851 quid
838 812 945 837 nunc
962 802 1023 838 uis
1040 801 1147 838 tibi?

190 867 271 906 PA.
303 865 572 917 Adulescens,
590 864 716 905 salue.
757 865 820 904 ΡΙ.
854 864 987 905 salue.
1021 870 1084 904 set
1097 879 1216 918 quem
1228 869 1352 919 quae-

674 931 804 968 ritas?

188 997 269 1036 PA.
301 996 556 1036 Bacchidem.
602 996 664 1035 ΡΙ.
695 996 893 1036 Vtramne
911 1009 1008 1049 ergo
1020 998 1040 1036 ’.ἲ
1076 998 1157 1038 ΡΑ.
1182 998 1249 1038 Nil
1265 1000 1349 1038 scio

681 1063 760 1101 nisi
775 1063 1033 1105 Bacchidem.

186 1129 329 1168 Paucis
346 1142 410 1168 me
426 1129 557 1168 missit
574 1127 691 1168 miles
709 1127 758 1166 ad
778 1141 865 1167 eam
884 1128 1165 1181 Cleomachus,

189 1194 268 1234 Vel
285 1195 329 1233 1'1t
346 1194 542 1233 ducentos
559 1194 774 1248 Philippos
792 1194 940 1233 reddat
957 1198 1102 1235 aureos
1279 1201 1348 1237 590

188 1260 328 1309 Ve,1.11t
344 1263 439 1300 hinc
454 1263 497 1300 in
512 1261 684 1301 Elatiam
700 1261 823 1301 hodie
841 1267 907 1301 eat
922 1264 1061 1302 secum
1078 1263 1219 1304 semul.

187 1328 250 1367 Pl.
284 1328 374 1366 Non
391 1330 442 1366 it:
473 1333 595 1380 negat
612 1342 702 1368 esse
718 1330 878 1369 ituram.
911 1330 976 1368 abi
994 1335 1036 1368 et
1050 1332 1253 1371 remintia.

188 1393 322 1433 Alium
342 1393 410 1432 illa
426 1399 542 1445 amat,
559 1408 641 1433 non
656 1394 783 1433 illum.
816 1395 893 1434 duc
908 1400 950 1434 te
968 1397 1015 1434 ab
1033 1396 1214 1437 aedibus.

187 1459 270 1500 PA.
303 1460 430 1498 Nimis
461 1459 668 1500 iracunde.
713 1461 774 1500 ΡΙ.
803 1462 857 1499 At
875 1463 962 1499 scin
987 1475 1104 1513 quam
1127 1461 1347 1501 iracundos

678 1528 810 1566 siem?

184 1590 246 1628 Ne
262 1591 336 1629 tibi
353 1589 453 1642 [pol]
470 1592 549 1631 hau
563 1591 685 1644 longe
702 1596 745 1632 ds
762 1594 808 1632 ab
824 1594 1113 1633 infortl‘miost:
1278 1600 1346 1636 595

184 1655 243 1693 Ita
260 1654 604 1708 dentifrangibula
619 1659 721 1698 haec
737 1660 839 1698 meis
855 1661 1037 1699 manibus
1055 1661 1235 1711 ge'stiunt

186 1721 268 1761 PA.
302 1721 431 1771 Quom
449 1735 523 1775 ego
542 1724 660 1763 huius
679 1727 806 1764 uerba
821 1727 1099 1778 interpretor,
1121 1727 1219 1765 mihi
1238 1727 1334 1764 caui-

674 1791 775 1829 tiost

184 1852 245 1891 Ne
261 1852 584 1906 nucifrangibula
601 1858 780 1896 excussit
797 1869 846 1896 ex
861 1856 976 1896 malis
992 1857 1104 1895 meis.

188 1916 278 1955 Tuo
296 1918 370 1968 e'go
383 1919 511 1958 istaec
527 1922 651 1972 igitur
669 1922 799 1961 dicam
813 1921 876 1961 illi
891 1921 1091 1975 periculo,

184 1983 247 2022 ΡΙ.
282 1982 388 2033 Quid
408 1986 463 2024 ais
478 1987 552 2024 tu?
593 1989 676 2029 PA.
704 1990 791 2040 Ego
808 1990 913 2027 istuc
930 1987 992 2027 illi
1010 1987 1151 2027 dicam.
1184 1988 1245 2027 ΡΙ.
1268 1988 1343 2027 Dic

675 2055 788 2104 mihi,
1274 2060 1342 2094 600

187 2114 283 2163 Quis
324 2115 430 2153 tiss?
486 2116 568 2156 PA.
608 2116 723 2157 Illius
766 2133 852 2159 sum
891 2123 1213 2172 integumentum
1253 2121 1342 2158 cdr-

670 2198 796 2237 porls.

182 2252 245 2294 ΡΙ.
275 2254 457 2306 Nequam
484 2257 573 2295 esse
600 2264 765 2310 oportet
789 2262 885 2311 quoi
908 2264 987 2299 tam
1017 2261 1341 2311 integumentum

674 2326 941 2376 inprobumst.

1013 2390 1064 2432 6*
