1511 2502
36 131 78 162 111
103 128 215 162 1-24
437 116 467 156 C
497 117 528 154 V
558 117 589 155 R
620 116 648 154 C
679 116 711 149 V
740 116 767 152 L
797 116 810 154 1
844 115 897 156 O.
1229 118 1308 158 139

407 518 443 576 A
481 517 512 575 G
549 516 580 575 Τ
617 515 715 575 VS
787 515 922 575 1111.

77 661 219 698 cho.
279 659 535 698 Cvacvmo
567 661 685 710 (cvm
716 658 910 706 PvERo).
971 658 1263 696 CAPPADOX.

145 759 228 799 LV.
259 760 406 798 Beatus
423 758 587 797 uideor:
620 757 791 796 subduxi
809 757 1090 807 ratiunculam,

147 825 348 874 Quantum
365 825 468 863 aeris
486 824 584 862 mihi
602 824 653 861 sit
673 826 945 873 quantumque
963 822 1086 860 alieni
1102 823 1193 859 siet.

147 890 271 928 Diues
289 903 389 940 sum,
410 892 444 928 si
460 903 540 928 non
557 888 685 928 re'ddo
704 890 763 927 eis
781 889 924 939 quibus
944 888 1131 926 dehibeo.

149 955 209 1005 [Si
226 955 354 994 reddo
371 954 456 993 illis
474 956 617 1005 quibus
635 942 782 1004 debeo,
799 952 898 1006 plus-
910 952 1034 992 alieni
1054 953 1149 1003 est.]

147 1021 300 1060 Verum
316 1020 458 1060 hercle
475 1033 574 1059 uero
592 1018 704 1058 belle
723 1031 842 1071 quom
858 1021 1056 1071 recogito,
1236 1024 1304 1060 375

148 1086 191 1125 Si
207 1088 330 1138 magis
347 1099 411 1126 me
427 1088 650 1136 instabunt,
667 1085 717 1124 ad
733 1089 968 1138 praetorem
985 1084 1191 1123 sufferam.

147 1153 312 1192 Habent
327 1154 434 1192 hunc
450 1165 605 1192 morem
621 1151 812 1205 plerique
830 1151 1065 1202 argentarii,

147 1217 203 1256 Vt
218 1216 319 1256 alius
336 1217 457 1257 alium
474 1221 657 1271 poscant,
673 1216 851 1256 reddant
866 1217 1034 1265 nemini⁷

148 1282 297 1333 Pugnis
315 1295 402 1322 rem
418 1283 591 1333 soluant,
611 1284 737 1334 siquis
755 1286 896 1334 poscat
914 1280 1074 1320 clarius.

150 1347 227 1396 Qui
242 1348 360 1386 homo
376 1352 532 1386 mature
550 1347 751 1398 quaesiuit
770 1347 998 1398 pecuniam,
1240 1350 1304 1385 3811

148 1412 235 1450 Nisi
252 1415 338 1450 eam
354 1416 510 1451 mature
527 1413 669 1464 parsit,
686 1414 843 1449 mature
863 1412 1013 1449 essurit

150 1477 279 1529 Cupio
299 1477 473 1529 aliquem
493 1478 577 1528 [mi]
597 1489 735 1516 emere
751 1480 938 1529 puerum,
957 1478 1025 1529 qui
1042 1477 1270 1515 ussurarius

148 1543 262 1581 Nunc
278 1543 377 1582 mihi
396 1549 632 1595 quaeratur:
664 1543 779 1580 ussus
797 1547 860 1580 est
876 1542 1062 1594 pecunia.

149 1607 233 1648 CV.
256 1607 323 1646 Nil
339 1610 383 1647 tu
399 1620 462 1647 me
480 1612 659 1647 saturum
675 1608 900 1646 monueris:
928 1607 1093 1645 memini
1110 1607 1151 1644 et
1168 1606 1265 1645 scio.

149 1674 235 1725 Ego
252 1675 330 1713 hoc
348 1675 549 1713 ecfectum
566 1674 703 1727 lepide
720 1675 796 1712 tibi
812 1672 991 1712 tradam:
1020 1677 1123 1711 tace.
1239 1678 1308 1712 385

149 1737 310 1790 Edepol
325 1752 376 1777 ne
394 1752 469 1791 ego
487 1740 554 1778 hic
571 1739 664 1778 med
680 1741 788 1778 intus
806 1737 968 1790 expleui
983 1739 1113 1790 probe

150 1803 203 1840 Et
221 1802 382 1853 quidem
398 1803 546 1855 reliqui
563 1805 605 1842 in
621 1805 766 1842 uentre
784 1801 913 1841 cellae
930 1804 999 1840 uni
1014 1801 1159 1850 locum,

152 1867 232 1907 Vbi
247 1867 512 1919 reliquiarum
528 1868 722 1920 re'liquias
739 1866 1021 1907 reconderem.

153 1932 251 1981 Quis
266 1933 332 1970 hic
350 1935 412 1972 est
429 1939 572 1986 operto
592 1936 725 1987 capite
746 1935 813 1986 qui
830 1932 1119 1985 Aesculapium

154 1995 342 2036 Salutat?
373 2001 486 2049 attat,
504 2000 623 2050 quem
641 2001 895 2051 quaerebam.
927 2000 1104 2050 sequere
1122 2010 1198 2036 me.
1243 2001 1310 2036 390

154 2061 360 2100 Simulabo
379 2065 492 2114 quasi
507 2077 588 2103 non
606 2067 802 2105 nouerim.
836 2066 937 2104 heus
953 2069 1012 2114 tu,
1029 2064 1071 2103 te
1089 2062 1197 2102 uolo.

152 2126 236 2166 LV.
272 2127 467 2178 Vndcule,
485 2129 608 2170 salue.
641 2132 723 2172 CV.
750 2132 908 2182 Quaeso
927 2130 1147 2170 deridesne
1164 2141 1228 2168 me
1240 2129 1259 2166 ⁶?

152 2192 236 2231 LV.
269 2192 329 2231 De
347 2193 545 2234 coelitum
560 2187 806 2249 prosapia-te
823 2209 914 2235 esse
930 2197 1130 2235 arbitror:

155 2256 254 2296 Nam
270 2258 283 2295 i
300 2259 393 2297 sunt
406 2259 581 2299 unoculi.
615 2262 698 2302 CV.
718 2262 933 2314 catapulta
943 2261 1198 2300 hocict1'1mst
1210 2259 1308 2298 mihi
