1511 2502
186 93 267 135 2712

404 204 561 248 METRA
584 204 721 248 flvlvs
746 204 949 248 FABVLAE
974 188 1088 248 HAEC
1111 204 1224 250 SVNT

183 296 224 327 V.
313 296 331 328 1
359 301 391 328 et
414 294 435 327 2
459 296 620 328 trochaici
645 298 805 328 octonarii

314 340 336 374 3
361 342 403 373 ad
427 340 449 374 8
475 343 651 384 compositi
665 352 707 374 ex
722 343 874 375 iambicis
887 342 1036 375 dimetris
1052 342 1238 374 acatalectis
1253 343 1448 385 etti-ipodiis
1490 355 1491 359 ¹

786 389 938 421 iambicis
952 387 1152 419 catalecticis

315 430 337 465 9
362 434 405 465 ad
432 431 473 466 17
500 433 633 465 iambici
658 432 789 464 dimetri
816 434 987 466 acatalecti

293 476 337 510 18
362 480 405 511 ad
430 477 475 511 28
501 484 646 521 systema
669 481 918 519 anapaestieum

290 520 336 555 29
361 525 404 556 ad
427 522 473 556 33
498 524 704 566 anapaestici
729 524 861 557 dimetri
887 524 1058 558 acatalecti

289 566 335 599 34
359 571 401 601 ad
425 568 470 603 36
496 576 643 612 systema
665 570 843 602 iambicum

290 611 335 646 37
361 621 393 646 et
416 613 461 647 38
485 621 631 657 systema
653 618 904 656 anapaesticum

288 657 334 692 39
360 660 402 691 ad
425 658 471 691 42
496 660 701 700 anapaestici
726 660 856 691 dimetri
882 661 1053 692 acatalecti

288 702 333 736 43
357 710 388 736 ct
412 703 458 737 44
483 704 655 735 bacchiaci
676 707 857 737 tetrametri
883 706 1055 738 acatalecti

287 749 332 781 45
359 750 401 781 ad
426 748 468 783 47
495 754 642 792 systema
668 752 916 791 anapaesticum

287 793 333 827 48
358 796 401 827 ad
426 794 469 828 57
495 796 630 826 iambici
653 797 773 827 senarii

203 861 217 866 -
288 838 333 872 58
358 842 402 873 ad
428 840 494 874 154
519 841 681 872 trochaici
705 844 885 883 septenarii

203 906 215 911 —
266 886 331 918 155
357 888 400 918 ad
424 885 491 920 273
516 887 651 918 iambici
676 888 799 918 senarii

203 952 216 956 —
264 930 333 965 274
358 939 389 964 et
415 931 481 965 275
507 932 639 963 iambici
665 934 824 964 octonarii

202 998 215 1001 -
264 975 333 1010 276
359 983 389 1009 ct
413 976 481 1011 277
506 977 668 1009 trochaici
695 980 854 1010 octonarii

201 1043 213 1047 -
262 1021 331 1056 278
353 1024 395 1055 ad
419 1022 487 1056 280
513 1024 646 1055 iambici
671 1026 831 1055 octonarii

201 1088 215 1093 -
264 1067 331 1100 281
357 1069 545 1100 trochaicus
573 1070 762 1100 octonarius

200 1133 213 1139 -
262 1112 332 1146 282
355 1115 397 1146 ad
421 1112 489 1148 287
513 1115 648 1146 iambici
674 1117 834 1146 octonarii

201 1180 212 1184 -
261 1157 330 1192 288
354 1160 544 1192 trochaicus
568 1162 776 1202 septenarius

201 1225 214 1230 -
262 1203 331 1238 289
356 1212 387 1237 et
412 1205 480 1239 290
505 1206 637 1237 iambici
663 1207 822 1237 octonarii

201 1270 213 1275 -
261 1249 328 1284 291
357 1258 386 1283 et
409 1249 478 1284 292
502 1251 660 1283 trochaici
686 1254 846 1283 octonarii

201 1316 213 1321 ·
262 1295 330 1329 293
355 1297 543 1329 trochaicus
569 1299 777 1339 septenarius

201 1362 213 1366 -
261 1340 330 1375 29³}
351 1343 395 1374 ad
415 1341 482 1376 301
508 1343 641 1374 iambici
668 1344 827 1375 octonarii

200 1408 211 1412 -
261 1386 330 1420 302
357 1389 543 1420 trochaicus
570 1390 758 1420 octonarius

199 1454 213 1458 -
260 1432 329 1466 303
355 1434 397 1466 ad
420 1433 487 1468 305
513 1435 645 1466 iambici
669 1435 828 1467 octonarii

199 1499 211 1504 —
259 1478 327 1512 306
350 1480 538 1512 trochaicus
566 1481 775 1522 septenarius

199 1545 212 1548 -
260 1523 328 1557 307
355 1532 385 1556 et
410 1524 479 1559 308
504 1527 639 1557 iambici
666 1526 825 1558 octonarii

200 1590 212 1594 -
260 1568 329 1602 309
354 1570 397 1601 ad
421 1570 490 1603 312
515 1572 721 1612 anapaestici
747 1572 905 1602 octonarii

208 1637 212 1639 >
259 1614 327 1649 313
353 1616 396 1647 ad
419 1614 488 1648 318
513 1617 716 1657 anapaestici
743 1616 873 1647 dimetri
897 1617 1076 1648 catalectici

201 1681 214 1685 -
261 1660 330 1694 319
353 1661 397 1692 ad
420 1660 486 1693 321
514 1660 717 1702 anapaestici
743 1661 873 1692 dimetri
899 1660 1069 1693 acatalecti

198 1726 212 1731 -
260 1705 328 1738 322
353 1707 396 1738 ad
419 1705 487 1739 325
512 1706 718 1747 anapaestici
743 1706 875 1737 dimetri
897 1705 1078 1738 catalectici

198 1773 211 1777 -
258 1750 327 1784 326
353 1752 513 1784 iambicus
540 1752 727 1783 octonarius

204 1813 210 1815 Δ
259 1795 326 1830 327
353 1798 396 1829 ad
417 1795 485 1830 329
510 1796 666 1829 trochaici
692 1797 850 1828 octonarii

198 1863 210 1868 -
259 1841 329 1875 330
351 1844 394 1874 ad
417 1842 483 1875 401
509 1843 669 1874 trochaici
693 1842 873 1883 septenarii

198 1908 211 1913 -
258 1888 326 1920 402
351 1889 395 1921 ad
418 1887 485 1920 504
509 1889 641 1920 iambici
668 1888 791 1920 senarii

198 1954 210 1959 -
259 1933 325 1966 505
350 1935 394 1966 ad
418 1933 486 1967 640
510 1934 668 1966 trochaici
693 1933 873 1975 septenarii

196 2000 208 2005 -
258 1978 325 2011 641
353 1980 397 2012 ad
420 1977 488 2013 673
510 1980 646 2012 iambici
668 1980 792 2012 senarii

196 2046 208 2049 -
257 2022 326 2058 674
350 2026 393 2058 ad
419 2024 486 2058 682
511 2026 644 2057 iambici
668 2024 846 2066 septenarii

195 2091 207 2095 -
256 2068 324 2104 683
350 2072 393 2103 ad
417 2069 481 2104 761
511 2071 669 2103 trochaici
694 2070 873 2112 septenarii

194 2136 207 2140 -
255 2114 323 2151 762
347 2117 392 2149 ad
416 2114 485 2150 768
508 2118 641 2149 iambici
663 2117 787 2148 senarii

199 2181 206 2185 ·
255 2159 323 2195 769
347 2163 389 2194 ad
414 2160 479 2195 775
506 2163 637 2194 iambici
662 2161 852 2204 septen-affl.
