1511 2502
83 162 325 197 11242-61
480 148 959 189 AMPHITRVO.
1302 146 1357 186 33

84 265 180 305 AM.
227 265 413 316 Sequere
438 263 513 301 hac
530 273 594 299 me
611 259 745 299 modo.
789 258 912 298 alium
944 272 1019 310 ego
1049 260 1119 298 isti
1149 259 1212 297 rei
1243 256 1358 296 adle-

690 328 813 377 gabo:
837 326 890 363 ne
913 326 1024 365 time.

86 394 168 433 AL.
215 394 349 445 Magis
373 406 480 431 nunc
503 404 567 430 me
593 403 728 429 meum
767 391 951 429 officium
992 391 1154 441 facere,
1200 392 1234 429 si
1263 391 1359 428 huic

690 469 778 494 eam
795 455 1033 507 aduersum,
1053 458 1243 495 arbitror.
1290 461 1359 496 675

85 523 180 562 AM.
215 512 458 575 Amphitruo
476 522 644 560 uxore'm
670 520 820 559 salutat
841 520 975 559 laetus
1001 524 1206 573 speratam
1230 534 1355 570 suam,

87 589 213 636 Quam
231 588 409 625 omnium
426 587 583 624 Thebis
600 587 665 624 uir
680 599 799 624 unam
818 598 908 624 esse
927 588 1131 637 ‹iptumam
1148 585 1359 633 diiudicat,

87 654 296 704 Quamque
314 653 415 690 adeo
434 653 545 690 ciues
563 651 753 689 Thebani
770 651 869 689 uero
887 652 1117 689 rumificant
1132 651 1314 702 probam.

86 718 317 758 Valuistine
333 718 491 769 usque?
523 718 769 768 expectatun
785 715 993 755 Aduenio?
1053 715 1130 756 SO.
1163 715 1255 753 Hau
1271 714 1359 752 uidi

688 783 835 833 magis:

88 851 204 900 [Nam
227 851 328 889 113ἐο
353 851 540 888 maritum
564 848 692 900 suum]
719 848 870 887 salutat
893 849 1018 898 magis
1043 849 1142 886 haut
1169 848 1360 898 quiquam

694 917 811 966 quam
827 926 979 952 canem⁴
1292 918 1361 951 680

89 982 184 1020 ΛΜ.
225 972 279 1019 Et
305 995 426 1032 quom
449 979 656 1032 grauidam
699 984 740 1018 et
783 981 903 1030 quom
941 983 984 1016 te
1022 976 1168 1029 pulcre
1198 977 1359 1030 plenam

693 1045 868 1096 aspicio,
895 1042 1064 1094 gaudeo.

89 1112 171 1151 AL.
203 1102 386 1164 Opsecro
405 1113 587 1161 ecastor,
616 1109 714 1161 quid
730 1115 775 1148 tu
790 1122 855 1147 me
873 1107 1093 1147 deridiculi
1110 1109 1240 1158 gratia

90 1177 157 1216 Sic
174 1176 325 1216 salutas
341 1180 463 1228 atque
481 1175 663 1228 appellas
676 1204 687 1225 7
707 1175 822 1226 quasi
843 1173 992 1212 dudum
1008 1185 1091 1211 non
1106 1172 1276 1221 uideris,

89 1243 213 1292 Quasi
231 1244 300 1295 qui
315 1256 422 1281 nunc
439 1242 615 1294 primum
630 1241 808 1292 recipias
825 1240 868 1277 te
884 1238 1046 1277 domum
1070 1239 1149 1276 huc
1166 1250 1216 1276 ex
1230 1238 1341 1276 hdsti

690 1305 795 1344 bus?

90 1373 242 1424 [Atque
272 1385 335 1411 me
365 1385 472 1410 nunc
501 1370 677 1423 proinde
709 1369 915 1422 appellas,
959 1371 1073 1422 quasi
1102 1368 1231 1408 multo
1266 1374 1360 1421 post

236 1492 244 1501 ι
692 1436 879 1488 uideris.]
1293 1440 1360 1475 685

90 1503 184 1542 AM.
229 1503 352 1541 Immo
381 1501 572 1553 equidem
595 1506 638 1540 te
663 1503 744 1540 n1'si
769 1515 876 1540 nunc
901 1501 1027 1540 hodie
1051 1502 1249 1552 nusquam
1273 1500 1355 1539 uidi

691 1568 883 1619 ge'ntium.

92 1634 169 1672 AL.
215 1634 328 1682 Qudr
364 1633 520 1683 negas?
593 1633 688 1672 AM.
737 1634 840 1682 Quia
889 1634 988 1671 uera
1032 1631 1158 1670 didjci
1205 1630 1358 1669 dicere.

691 1699 774 1739 AL.
817 1699 927 1737 Haut
946 1700 1118 1750 aequdm
1133 1698 1247 1747 facit,

89 1766 168 1814 Qui
185 1764 294 1816 quod
310 1763 455 1802 didicit
473 1763 515 1802 id
532 1763 719 1802 dediscit.
765 1766 814 1802 an
830 1763 1121 1815 periclitamini

92 1830 199 1879 Quid
215 1831 335 1867 animi
355 1830 556 1867 habeam?
588 1830 650 1867 set
675 1828 774 1879 quid
789 1829 869 1867 huc
884 1841 957 1867 uos
974 1827 1262 1866 cdnuortimini
1278 1828 1360 1864 tzim

697 1894 777 1932 cito
789 1894 809 1931 ‘3

91 1949 153 1998 An
163 1965 204 1998 te
217 1959 438 2010 auspicium
449 1960 765 1997 cdnmoratumst
776 1962 825 1997 311
835 1961 1059 2010 tempestas
1071 1957 1268 2007 continet,
1292 1961 1360 1996 690

91 2026 169 2074 Qui
184 2038 265 2063 non
282 2025 416 2062 abiisti
432 2023 483 2062 ad
497 2023 708 2074 legiones,
735 2027 791 2062 ita
806 2025 866 2062 uti
889 2022 1040 2061 dudum
1056 2022 1217 2060 dixeras
1228 2022 1248 2059 ‘3

91 2090 185 2129 AM.
209 2088 398 2128 Dudum?
424 2102 541 2140 quam
558 2087 708 2127 dudum
728 2093 832 2128 istuc
848 2088 1069 2127 factumst?
1127 2087 1208 2127 AL.
1234 2087 1359 2126 Te'm-

693 2159 805 2206 ptas:
836 2156 917 2192 iam
933 2152 1104 2202 dudum,
1127 2151 1259 2190 modo.

92 2221 185 2260 AM.
233 2221 311 2269 Qui
334 2221 439 2258 istuc
466 2220 575 2272 potis
607 2224 671 2258 est
704 2220 822 2270 fieri,
851 2231 1024 2270 quaeso,
1054 2223 1099 2255 ut
1124 2217 1248 2255 dicis:
1279 2217 1361 2253 iam

694 2282 865 2333 dudum,
890 2281 1041 2321 modo?

149 2346 339 2385 varvs
370 2347 398 2385 1.
1062 2350 1084 2383 3
