1511 2502
73 85 310 161 11445-67
487 112 935 154 ASINARIA.
1302 115 1355 155 27

78 230 229 269 Verum
247 231 350 268 istuc
368 228 581 280 argentum
597 229 734 265 tamen
750 226 850 264 mihi
866 228 902 264 si
917 227 979 264 uis
997 225 1283 277 denumerat-e,

75 295 374 347 Reprdmittam
390 295 495 333 istoc
510 293 674 332 nemine
694 290 869 331 soln'ntam
886 305 974 332 rem
990 293 1184 333 futtiram.

76 361 171 401 ME.
212 360 280 400 Sic
310 360 445 413 petius
476 362 521 398 ut
550 358 802 397 Demaeneto
833 358 909 396 tibi
934 359 1006 397 ere
1023 362 1244 410 praesente
1261 357 1356 397 red-

687 422 790 462 dam.
1287 429 1354 462 455

75 492 136 531 LI.
166 493 273 532 Erus
297 493 429 530 istunc
451 491 567 529 nouit
590 491 717 541 etque
743 502 858 528 erum
884 490 963 528 hic.
1015 490 1111 530 ME.
1151 490 1234 529 Ero
1261 490 1356 527 huic

683 560 904 609 praesente
923 556 1103 595 reddam.

74 625 136 664 LI.
167 624 226 663 Da
241 623 361 663 mddo
377 636 467 662 meo
483 621 692 676 periculo:
721 635 809 662 rem
824 621 976 662 saluam
994 636 1069 675 ego
1087 624 1301 663 exhibebo.

73 690 173 730 Nam
190 692 224 729 si
240 690 341 729 sciat
356 690 498 728 noster
515 701 640 728 senex
657 690 787 728 fidem
802 703 884 728 non
901 702 993 728 esse
1009 690 1104 728 huic
1121 690 1313 740 habitam,

15 803 17 805 ,
74 756 340 806 Susce‘nseat,
372 756 440 807 qui
459 754 585 806 [huic]
606 756 786 794 dmnium
802 767 940 794 rerum
957 757 1068 808 ipsus
1085 768 1249 808 semper
1266 755 1357 793 cre-

685 820 757 859 djt.

73 887 155 927 LE.
190 887 279 925 Non
295 888 428 938 magni
444 885 595 939 pendo,
613 887 666 924 ne
678 885 785 925 duit:
809 887 843 925 si
854 888 936 924 ndn
946 886 1046 936 uolt,
1064 887 1122 924 sic
1134 887 1221 924 sine
1235 887 1354 923 astet.

74 953 136 992 LI.
170 953 241 1003 Da,
259 953 442 1004 inquaeim:
472 953 564 1003 uah,
581 951 762 990 formide
779 953 904 991 miser
919 965 971 991 ne
987 953 1055 991 hic
1072 952 1136 990 me
1152 952 1229 990 tibi
1246 952 1341 989 arbi‘

683 1018 818 1056 tretur
1288 1022 1354 1056 461

75 1084 280 1123 Suassisse
297 1084 375 1123 sibi
391 1096 443 1122 ne
461 1083 671 1124 crederes.
706 1083 756 1122 da
774 1083 938 1135 quaeso,
954 1096 1007 1122 ne
1024 1082 1220 1122 formida:

74 1147 239 1188 Saluom
263 1147 407 1188 hercle
431 1150 522 1188 erit.
568 1149 662 1190 ΜΕ.
697 1148 874 1189 Credam
891 1150 997 1200 fore,
1020 1148 1114 1187 dum
1132 1147 1295 1200 quidem
1314 1149 1354 1185 in

686 1229 804 1255 manu
820 1217 909 1268 ipsc
926 1215 1098 1254 habebo.

76 1281 321 1332 Peregrinus
347 1294 422 1333 ego
450 1295 558 1321 sum:
591 1283 788 1322 Sauream
811 1295 892 1321 non
912 1282 1020 1320 ndui.
1062 1281 1126 1319 LI.
1157 1280 1212 1318 At
1229 1291 1354 1318 nosce

687 1361 795 1388 sane.

30 1464 34 1466 ῃ
75 1411 167 1451 ΜΕ.
201 1412 285 1464 Sit,
316 1414 399 1451 nen
425 1414 499 1464 sit,
530 1427 611 1452 non
632 1413 782 1466 edepel
799 1415 902 1452 scio:
934 1414 968 1452 si
983 1413 1017 1451 is
1036 1413 1119 1463 est,
1152 1423 1244 1450 eum
1262 1421 1349 1449 esse

685 1482 860 1532 opertet.
1288 1480 1349 1516 465
1405 1481 1407 1483 ’

73 1543 160 1593 Ego
177 1544 291 1582 certe
307 1556 375 1583 me
394 1545 554 1583 incerte
572 1545 655 1583 scio
672 1545 750 1583 hoc
768 1544 955 1583 datssrum
970 1543 1124 1581 nemini
1140 1541 1307 1580 hdmini.

72 1607 152 1647 LE.
185 1608 342 1648 Hercle
366 1611 487 1649 istum
514 1609 555 1649 di
586 1623 725 1650 omnes
744 1610 952 1663 perduint.
981 1609 1111 1648 uerbe
1143 1619 1241 1647 caue
1262 1620 1348 1659 supa

681 1676 886 1729 plicessis:

19 1780 22 1782 ,
73 1740 208 1779 Ferdx
224 1744 300 1792 est,
321 1742 468 1793 uiginti
482 1743 610 1781 minas
626 1745 744 1781 meris
760 1746 939 1781 tractare
957 1742 1060 1780 sese.

19 1812 22 1815 ’
73 1805 199 1845 Nemo
225 1807 392 1859 accipite
423 1809 596 1847 auferte
613 1808 775 1848 domum
791 1838 802 1860 ,
832 1807 1006 1862 apscede
1022 1809 1132 1859 hinc,
1157 1806 1355 1845 molestus

683 1888 736 1914 ne
753 1888 820 1914 s1s.

74 1936 168 1976 ΜΕ.
205 1936 332 1976 Nimis
370 1939 590 1979 iracunde:
630 1943 712 1980 nen
753 1940 875 1980 decet
910 1940 1129 1992 superbum
1160 1950 1252 1976 esse
1281 1938 1357 1975 ho-

684 2008 834 2046 minem
851 2008 1025 2046 seruum.
1287 2007 1357 2042 470

74 2069 154 2107 LE.
188 2068 300 2107 Malo
317 2069 460 2109 hercle
475 2073 553 2111 iam
569 2075 714 2124 magne
731 2078 816 2124 tuo,
837 2074 879 2111 ni
894 2073 964 2112 isti
979 2084 1056 2110 nec
1072 2074 1188 2110 recte
1205 2068 1320 2107 dicis.

74 2135 136 2174 LI.
168 2135 333 2188 Inp1'1re‚
350 2137 483 2189 nihili,
500 2141 581 2178 11611
597 2141 714 2180 uides
730 2141 885 2179 irasci?
923 2140 1004 2179 LE.
1036 2139 1170 2190 Perge
1186 2138 1325 2189 perro.

73 2200 135 2239 LI.
166 2200 385 2253 Flagitium
415 2203 589 2242 hominis
600 2233 612 2255 ,
644 2204 694 2243 da
715 2206 886 2257 epsecro
913 2208 1126 2255 argentum
1142 2203 1264 2251 huic,
1302 2210 1355 2236 ne

680 2268 785 2308 male
801 2269 1004 2321 loquetur.
