1511 2502
127 110 181 140 1111
561 106 766 140 EPISTVLA
792 108 954 142 CRlTlCA

126 209 307 251 exemplari
340 209 486 250 pendere
519 209 592 250 ipse
623 219 688 240 non
713 209 892 247 mirabere,
929 219 1004 241 cum
1030 208 1113 241 bene
1141 210 1226 242 scias
1253 220 1310 242 eas
1334 220 1382 243 ra-

125 255 230 286 tiones
255 254 494 286 emendationis
518 253 689 285 Plautinae
714 264 797 294 quas
817 263 866 286 ‘rv
886 255 919 286 in
937 254 1187 296 Prolegomenis
1204 255 1385 288 Trinummi

126 300 246 331 eximia
278 305 347 331 arte
378 299 564 341 exposuisti
593 299 676 330 adeo
703 299 783 331 mihi
807 300 964 341 probatas
990 309 1064 331 esse
1087 305 1121 332 ut
1145 301 1291 342 exceptis
1317 302 1385 333 sin·

124 344 210 386 gulis
235 345 437 385 quibusdam
468 343 548 375 locis
573 343 671 385 plane
696 353 768 376 'rmt
795 345 973 376 adsentiar.
1008 344 1070 375 hos
1096 351 1206 377 autem
1231 345 1321 377 locos
1345 347 1385 378 de

123 391 245 430 quibus
275 389 356 421 mihi
387 390 482 421 aliter
512 389 721 421 sentiendum
755 389 885 421 videtur
911 389 1047 421 uberius
1080 396 1134 421 aut
1166 391 1304 423 tractavi
1329 398 1385 422 aut

122 434 317 477 propediem
341 435 486 467 tractabo
508 435 629 476 partim
653 436 686 466 in
711 444 850 466 censura
874 434 980 467 Plauti
1002 443 1062 467 ΤΠ
1087 445 1186 476 quam
1203 445 1255 467 me
1272 436 1384 467 Anna-

123 480 208 512 libus
240 480 452 523 philologieis
482 489 502 510 a
534 479 662 511 Rama.
702 479 858 512 KLorrzro
888 486 919 511 et
950 480 1038 511 Rvn.
1062 480 1255 525 Drswscfflo
1286 482 1384 513 editis

123 526 322 557 inserturum
357 535 431 557 esse
464 525 618 566 promisi,
655 525 775 566 partim
807 526 839 557 in
870 525 1037 557 Analectis
1060 525 1221 557 Plautinis
1244 536 1384 566 quorum

122 571 247 611 aliquot
272 581 358 603 nova
385 571 495 612 capita
518 571 551 601 in
567 570 663 601 Fam.
685 569 783 602 va.
804 571 907 602 nostri
924 569 1193 603 Scfln'nmsswrm
1211 570 1383 613 philologo

121 616 212 647 brevi
245 622 279 647 ut
304 626 401 659 spero
426 621 574 657 tempore
601 615 688 646 foras
713 616 815 647 dabo:
848 626 889 647 cx
914 616 1034 656 quibus
1059 616 1139 648 locis
1165 617 1221 656 qui
1248 617 1380 648 omuino

120 661 218 702 pauci
248 667 324 693 sunt
356 662 385 692 si
416 660 497 692 mihi
529 661 672 692 fortasse
703 661 877 703 eontigerit
905 667 940 692 ut
970 661 1011 692 de
1035 671 1100 693 uno
1127 666 1158 693 et
1181 662 1282 693 altero
1309 669 1383 694 'mm

121 716 229 738 meam
255 707 529 747 qualemcumque
546 705 741 737 sententiam
758 706 978 742 persuadeam
996 706 1208 738 vehementer
1223 706 1381 738 laetabor.

118 756 292 793 praeterea
316 757 428 783 autem
454 752 487 783 in
508 751 699 783 Trinummo
724 752 993 794 recognoscenda
1013 761 1077 783 non
1097 752 1306 784 mediocriter
1325 752 1383 783 ad-

120 798 208 828 iutus
222 807 295 829 sum
312 798 359 829 eis
374 807 458 838 quae
471 801 547 838 post
565 805 663 829 'rum
678 807 812 839 operam
826 797 959 828 Timon.
970 796 1152 829 Bssnexrvs
1164 802 1195 828 et
1208 797 1382 829 ancfx'.

119 842 351 875 Fmrzscmvs
377 843 410 874 in
435 842 766 874 commentationibus
791 852 874 882 quas
900 842 1064 874 indicibus
1088 842 1273 874 scholarum
1298 842 1383 874 Mar·

119 888 336 930 burgensium
367 894 398 919 et
432 887 723 919 Rostochiensium
755 888 898 929 proximi
928 887 1097 919 semestris
1126 887 1255 919 hiberni
1288 897 1381 929 prae-

119 934 295 971 miserunt,
335 933 389 965 ille
411 933 509 964 etiam
534 933 566 963 in
589 932 722 963 Diumis
747 933 940 972 antiquariis
964 942 982 963 a
1007 942 1043 963 se
1067 938 1098 963 et
1122 933 1194 964 Ivt..
1222 932 1381 964 CAESARE

119 979 216 1010 editis
251 978 328 1009 anni
359 986 644 1009 nncccxxxxvm
668 987 699 1019 p.
717 975 806 1010 1124
829 987 901 1018 sqq.
929 977 970 1009 de
995 977 1104 1009 multis
1133 978 1286 1011 versibus
1311 978 1382 1010 eius

119 1023 252 1055 fabulae
275 1023 446 1066 praeclare
469 1024 691 1065 disputarunt.

209 1069 324 1111 Longe
358 1069 460 1111 igitur
492 1069 557 1100 alia
589 1069 714 1100 ratione
748 1067 829 1099 mihi
854 1069 886 1099 in
910 1068 1116 1110 expoliendis
1140 1069 1382 1111 Amphitruone

119 1114 264 1156 Captivis
282 1114 433 1146 Rudente
452 1113 609 1146 utendum
628 1113 708 1145 fuit:
735 1113 819 1145 haec
836 1115 922 1145 enim
942 1115 1152 1152 comoediae,
1180 1124 1382 1155 quamquam

116 1161 244 1201 priores
275 1160 420 1191 editores
456 1159 560 1191 multa
591 1159 623 1190 in
653 1159 701 1190 eis
726 1159 909 1200 scripturae
934 1159 1114 1191 tralaticiae
1138 1161 1218 1191 vitia
1243 1159 1383 1191 feliciter

116 1204 319 1237 sustulerant
344 1209 376 1236 et
401 1210 456 1235 aut
480 1213 529 1236 'rv
554 1209 610 1235 aut
635 1203 718 1235 Gon.
743 1204 965 1236 HERMANNVS
991 1211 1046 1236 aut
1072 1205 1146 1237 ch.
1173 1205 1381 1238 Bssnumvs

116 1256 171 1282 aut
197 1250 252 1281 alu
275 1250 364 1282 naud
385 1250 502 1292 paucis
519 1249 671 1281 versibus
688 1254 833 1281 veterem
850 1250 988 1282 nitorem
1007 1250 1245 1289 reddideratis‚
1270 1256 1381 1282 tamen

115 1296 270 1328 sordibus
294 1295 539 1338 depravationis
562 1305 645 1335 quas
668 1304 727 1337 per
749 1295 957 1327 saeculorum
983 1296 1157 1327 decursum
1179 1296 1279 1328 verba
1301 1306 1381 1337 poe-

115 1347 167 1373 tae
192 1346 359 1373 traxerant
384 1341 530 1373 uondum
555 1341 601 1372 ita
625 1345 716 1372 erant
739 1346 962 1383 perpurgatae
987 1342 1066 1382 quin
1086 1341 1166 1373 mihi
1187 1341 1268 1372 satis
1288 1340 1380 1383 larga

116 1387 385 1419 emendationum
409 1388 528 1418 messis
552 1386 744 1428 peragenda
769 1392 926 1418 restaret:
966 1396 1033 1427 qua
1063 1397 1137 1418 mea
1169 1385 1277 1429 opella
1302 1396 1379 1417 num

119 1431 268 1465 effectum
305 1433 348 1464 sit
383 1437 419 1464 ut
449 1441 505 1464 eas
541 1431 730 1463 comoedias
756 1432 802 1463 ita
826 1432 1045 1464 instaurarem
1072 1437 1106 1463 ut
1131 1432 1202 1463 sine
1227 1432 1381 1474 graviore

115 1477 232 1510 saltem
258 1476 443 1509 offensione
467 1477 535 1519 legi
559 1482 716 1519 possent,
742 1487 845 1518 penes
872 1486 937 1516 TE,
961 1477 1153 1509 anssmcss
1171 1477 1378 1515 Rmscuum,

115 1528 308 1564 ceterosque
342 1532 469 1565 paucos
507 1523 622 1554 harum
656 1532 764 1555 rerum
798 1524 923 1564 peritos
952 1523 1195 1555 existimatores
1219 1523 1380 1554 iudicium

115 1574 197 1600 esto.
226 1568 379 1610 supellex
402 1574 512 1600 autem
536 1568 649 1599 critica
674 1578 715 1600 ex
746 1567 837 1600 libris
862 1569 993 1610 scriptis
1019 1569 1122 1610 petita
1145 1567 1226 1600 mihi
1249 1574 1381 1610 praeter

114 1624 187 1645 eam
211 1615 306 1645 cuius
329 1615 439 1646 aditus
466 1614 619 1645 omnibus
642 1618 750 1655 patet,
777 1613 808 1644 h.
830 1624 858 1645 e.
889 1614 1112 1656 discrepantes
1137 1614 1316 1656 scripturas
1342 1613 1380 1644 li-

113 1660 247 1691 brorum
270 1659 494 1691 Palatinorum
520 1669 539 1690 a
560 1659 659 1691 Pau..
685 1659 800 1691 PAnsso
827 1660 860 1690 in
885 1659 1029 1691 editione
1053 1669 1115 1691 sua
1137 1659 1240 1691 altera
1267 1664 1380 1690 enota-

113 1711 163 1736 tas
189 1709 220 1736 et
244 1705 440 1746 adparatum
464 1714 484 1736 a
506 1705 602 1736 Fam.
629 1704 866 1737 Lmnssmmno
891 1704 934 1736 ad
958 1704 1231 1747 Amphitruonem
1249 1709 1279 1735 et
1294 1702 1380 1746 Cap-

113 1751 217 1788 tivos,
255 1760 275 1782 a
300 1749 334 1783 C.
360 1750 398 1782 E.
426 1749 511 1782 Cim.
541 1749 771 1782 ScHNBmRRo
799 1750 841 1782 ad
864 1749 1049 1781 Rudentem
1073 1755 1268 1792 congestum
1290 1749 1379 1781 nulla

112 1801 180 1827 erat
202 1801 335 1836 praesto
361 1801 431 1827 tum
453 1796 588 1836 quidem
613 1806 687 1827 cum
714 1796 747 1827 in
772 1795 906 1838 negotio
932 1797 1033 1828 verba
1055 1801 1174 1838 poetae
1191 1795 1379 1836 corrigendi

112 1842 279 1874 versabar.
307 1841 490 1874 editionum
514 1846 662 1874 veterum
689 1846 821 1882 praeter
844 1840 1089 1873 LAmnmuNAm
1107 1840 1232 1872 nullam
1249 1840 1292 1871 ad
1309 1850 1378 1871 ma-

110 1895 172 1917 nus
199 1886 301 1917 habui
326 1897 434 1927 neque
462 1897 504 1918 ex
527 1887 764 1918 recentioribus
782 1886 943 1929 quasdam
961 1896 1043 1927 quas
1062 1896 1160 1927 aegre
1179 1885 1376 1923 desideravi,

109 1931 199 1962 velut
227 1930 369 1964 Gvrss'rt
394 1937 425 1962 et
457 1933 599 1974 primam
624 1931 771 1970 Borma,
803 1931 880 1963 ullis
905 1931 1067 1963 machinis
1094 1931 1240 1962 nancisci
1264 1931 1375 1972 potui:

111 1974 324 2018 Captivorum
359 1977 522 2008 editiones
556 1978 596 2008 ab
629 1978 817 2009 Avssnmuo
849 1982 880 2008 et
910 1987 929 2008 a
957 1976 1117 2008 Bosscffl
1143 1981 1273 2008 curatas
1296 1975 1377 2007 mihi

108 2021 253 2063 benigne
283 2022 506 2054 commodavit
542 2023 639 2054 Fun).
671 2021 802 2055 Osmm
835 2021 1027 2054 liberalitas.
1068 2021 1133 2053 illis
1165 2021 1267 2064 igitur
1292 2031 1377 2061 quae

107 2066 272 2098 habebam
297 2067 458 2099 subsidiis
485 2067 606 2100 criticis
633 2077 672 2098 ea
696 2077 761 2108 qua
782 2077 844 2109 par
869 2074 938 2099 erat
963 2066 1135 2109 diligentia
1153 2068 1186 2098 in
1201 2076 1300 2098 usum
1318 2077 1376 2098 vo-

108 2113 189 2144 catis
215 2112 249 2145 id
272 2112 486 2155 potissimum
510 2113 565 2155 egi
590 2116 625 2143 ut
649 2118 809 2154 perpetuo
835 2118 987 2155 respectu
1009 2112 1123 2144 habito
1148 2122 1261 2145 earum
1280 2117 1376 2152 quat-

108 2162 182 2189 tuor
206 2167 317 2190 rerum
340 2167 481 2199 quarum
505 2157 727 2190 observationi
753 2167 802 2190 ἰν
825 2158 857 2190 in
880 2157 1087 2200 praefatione
1105 2156 1218 2189 Militis
1237 2157 1376 2198 gloriosi

107 2212 139 2244 p.
158 2211 220 2235 ΧΠ
243 2213 374 2235 summo
399 2203 470 2235 iure
491 2203 671 2245 plurimum
696 2203 729 2235 in
747 2203 824 2236 crisi
840 2202 991 2235 Plautina
1007 2203 1168 2240 tribuisti,
1195 2212 1280 2242 quae
1298 2209 1376 2233 sunt

109 2248 293 2291 'integritas
310 2248 445 2292 linguae
459 2248 597 2281 Latinae
611 2247 814 2281 concinnitas
830 2258 1039 2280 numerorum
1054 2247 1235 2280 sententiae
1250 2247 1375 2279 sanitas
