1511 2502
616 83 929 125 PLAVTI
1189 52 1461 137 1145474

305 198 462 238 Verum
477 209 608 236 meam
622 208 804 247 uxorem,
820 196 990 247 Libane,
1007 197 1086 235 scis
1105 196 1234 249 qualis
1247 200 1338 240 siet.
1366 205 1412 239 60

304 262 367 301 LI.
401 262 466 301 Tu
482 265 637 315 primus
654 262 803 300 sentis:
823 262 896 299 nds
912 266 1048 299 tamen
1063 262 1106 300 in
1115 264 1251 315 pretid
1261 277 1407 302 sumus

1470 54 1511 110 3332:

1473 104 1511 155 [¹3

1499 158 1511 202 i

1504 246 1511 275 ἱ

307 327 389 367 DE.
423 328 577 367 Fatedr
601 340 688 366 eam
713 339 805 366 esse
827 327 1086 378 inpdrtunam
1111 333 1233 380 atque
1257 329 1410 368 incdm-
1505 309 1511 354 ’-

744 391 915 432 modam.

307 459 369 498 LI.
399 459 611 498 Posterius
627 459 732 496 istuc
751 457 850 496 dicis
870 471 987 509 quam
1003 457 1127 496 credd
1144 459 1232 498 tibi.

306 527 388 565 DE.
422 526 572 565 Omnes
587 530 796 577 parentes,
811 525 979 575 Libane,
994 523 1138 563 liberis
1157 526 1253 574 suis,

306 592 384 641 Qui
400 592 454 629 mi
471 589 772 641 auscultabunt,
787 591 941 629 facient
959 592 1286 643 opsequentiam:
1365 597 1409 631 65

309 658 485 709 [Quippe
514 658 582 707 qui
606 669 720 707 mage
747 658 873 695 amico
898 661 1062 695 utantur
1088 661 1207 707 gnato
1226 662 1268 695 et
1283 657 1410 695 bene—

742 720 837 758 uolo
851 722 876 771 :]

306 790 443 840 Atque
461 789 534 839 ego
551 800 615 826 me
629 787 673 826 id
682 788 820 826 facere
832 786 997 825 studeo:
1020 786 1114 825 uolo
1128 789 1284 826 amaria
1294 790 1409 838 meis,

307 853 414 894 Volo
431 855 496 892 me
510 854 638 905 patris
655 854 736 891 mei
751 851 938 903 similem,
957 853 1025 903 qui
1042 855 1179 890 caussa
1195 865 1284 891 mea

306 917 549 958 Nauclerico
566 920 654 970 ipse
673 921 816 957 ornatu
832 930 907 970 per
923 916 1127 956 fallaciam

308 985 434 1034 Quam
452 984 629 1022 amabam
646 983 811 1022 abduxit
827 985 874 1021 ab
890 982 1043 1021 lenone
1059 982 1287 1022 mulierem.
1365 989 1410 1023 70

306 1049 449 1101 Neque
465 1048 611 1101 puduit
628 1061 719 1087 eum
734 1048 777 1086 id
794 1049 937 1087 aetatis
954 1049 1239 1101 sucophintias

308 1114 478 1152 struere
495 1115 536 1152 et
552 1114 763 1152 benefieiis
780 1126 844 1151 me
856 1114 993 1152 emere
1010 1118 1173 1165 gnatum
1190 1113 1302 1152 suum
1318 1115 1407 1152 sibi.

306 1180 388 1217 Eos
404 1180 468 1217 me
487 1178 738 1217 decretumst
753 1179 948 1230 persequi
964 1180 1098 1217 mores
1113 1180 1254 1231 patris.

304 1245 405 1284 Nam
422 1257 485 1283 me
503 1244 625 1283 hodie
643 1245 775 1283 orauit
791 1233 1045 1297 Argurippus
1062 1244 1188 1295 filius,

306 1310 376 1349 Vu'
393 1311 470 1348 sibi
487 1312 635 1349 amanti
650 1311 830 1350 facerem
847 1313 1005 1362 argenti
1022 1313 1199 1363 cdpiam:
1366 1319 1410 1353 75

305 1377 359 1415 Et
375 1377 416 1414 id
434 1389 508 1427 ego
524 1378 721 1430 percupio
740 1378 910 1429 dpsequi
927 1379 1047 1428 gnatd
1065 1391 1168 1416 meo.

308 1442 428 1492 [Volo
456 1444 582 1481 amori
607 1444 845 1482 obsecutum
868 1442 990 1493 illius,
1015 1442 1109 1481 uolo
1134 1448 1239 1482 amet
1259 1456 1322 1482 me
1339 1458 1410 1496 pa-

743 1509 879 1558 trem]

306 1573 552 1624 Quamquam
577 1571 692 1611 illum
715 1578 845 1611 mater
869 1576 956 1611 arte
975 1574 1249 1624 contenteque
1270 1574 1408 1623 habet,

303 1637 446 1675 Patre's
462 1644 507 1675 ut
524 1639 847 1676 consueue'runt:
879 1650 953 1688 ego
971 1639 1086 1676 mitto
1105 1640 1237 1676 dmnia
1254 1639 1369 1677 haec.

302 1703 552 1742 Praesertim
568 1716 687 1754 quom
708 1704 742 1741 is
757 1716 821 1741 me
840 1702 1003 1754 dignum
1021 1704 1115 1754 quoi
1135 1703 1407 1742 concrederet

303 1768 469 1818 Habuit,
495 1781 557 1807 me
581 1769 734 1807 habere
757 1769 956 1807 hondrem
980 1770 1066 1807 eius
1083 1769 1247 1819 ingenid
1264 1768 1408 1807 decet:

304 1834 433 1882 Quom
457 1846 521 1871 me
545 1832 666 1883 adiit,
697 1838 741 1871 ut
766 1832 988 1885 pudentem
1014 1838 1175 1884 gnatum
1198 1835 1408 1884 aequdmst

739 1904 912 1951 patrem,
1365 1905 1409 1938 82

306 1967 435 2019 Cupio
455 1969 544 2006 esse
561 1968 711 2010 amicae
730 1967 839 2019 qudd
855 1967 926 2006 det
942 1968 1155 2018 argentum
1171 1979 1279 2005 suae.

302 2031 365 2070 LI.
396 2032 521 2085 Cupis
538 2032 580 2071 id
597 2032 705 2083 quod
720 2045 871 2085 cupere
883 2034 924 2071 te
935 2034 1181 2084 nequiquam
1191 2031 1407 2083 intellego:

304 2098 490 2137 Dotalem
506 2112 668 2138 seruom
686 2100 880 2139 Sauream
899 2099 981 2151 [ne]
999 2102 1099 2139 uxdr
1115 2104 1183 2138 tua
1362 2103 1406 2137 85

301 2163 496 2215 Adduxit,
514 2166 608 2217 quoi
623 2164 716 2218 plus
731 2167 771 2203 in
788 2179 907 2204 manu
923 2167 976 2204 sit
992 2168 1109 2217 qudm
1124 2166 1212 2203 tibi.

303 2228 385 2268 DE.
417 2231 644 2281 Argentum
662 2233 814 2283 accepi,
836 2231 932 2270 ddte
948 2232 1152 2283 inperium
1169 2228 1349 2269 uendidi.
