1511 2502
82 123 302 158 [1121—‘20
542 112 897 152 RVDENS.
1274 106 1355 148 227

385 258 710 296 TnAcflAmo.
756 256 1052 296 Dasmomzs.

85 360 171 399 ΤΒ..
214 360 294 397 Pro
322 359 582 409 Cyrenenses
606 356 826 409 populares
839 387 850 408 ‚
881 359 1061 396 nostram
1086 369 1162 407 ego
1192 354 1356 407 inploro

682 421 820 472 fidem,
1287 424 1356 458 615

87 477 321 539 Agricolae,
341 486 511 525 adcolae
525 487 748 538 propinqui
765 487 833 537 qui
852 488 951 525 estis
967 487 1031 524 his
1047 487 1299 537 regionibUS‚

86 554 210 591 Ferte
236 564 355 605 opem
379 553 542 603 inopiae
559 555 681 602 aitque
700 552 929 603 exemplum
944 552 1176 603 pessumum
1191 551 1356 602 pessum

680 616 787 656 date.

84 682 317 732 Vindicate,
334 694 386 719 ne
404 682 608 733 inpiorum
623 683 760 733 potior
777 683 830 720 sit
844 680 1044 732 pollentia

84 748 212 796 Quam
228 749 503 796 innocentum,
523 749 592 797 qui
607 758 652 784 se
668 746 827 784 scelere
844 747 940 784 fieri
954 746 1100 784 nolunt
1114 746 1275 786 nobilis,

84 813 262 850 statuite
274 811 501 862 exemplum
513 810 740 862 inpudenti,
759 810 852 849 date
862 810 1011 862 pudori
1022 812 1270 863 praemium:
1287 817 1356 852 620

84 877 227 914 Facite
244 876 311 913 hic
326 875 418 926 lege
435 877 571 927 potius
586 875 712 914 liceat
730 879 848 927 quam
863 877 904 914 ui
921 878 1030 914 uicto
1046 879 1201 916 uiuere.

86 943 253 981 Ci'urrite
277 942 358 979 huc
381 943 423 979 in
448 942 625 981 Veneris
648 943 799 992 fanum,
823 944 1003 980 nostram
1025 944 1176 981 iterum
1191 942 1354 995 inploro

684 1007 820 1055 fidem,

85 1074 164 1122 Qui
179 1084 309 1124 prope
326 1072 393 1110 hic
410 1070 563 1109 adestis
579 1072 730 1122 quique
747 1072 894 1111 auditis
913 1072 1135 1111 clamorem
1150 1086 1297 1112 meum.

83 1140 210 1178 Ferte
227 1138 435 1190 suppetias
454 1139 522 1189 qui
538 1138 695 1178 Veneri
710 1139 1000 1190 Veneriaeque
1016 1141 1224 1178 antistitae

83 1205 204 1244 More
220 1205 385 1255 antiquo
401 1205 444 1242 in
460 1203 711 1243 mistodelam
730 1203 841 1243 suum
859 1206 1139 1244 conmiserl'int
1154 1211 1286 1258 caput.

82 1270 384 1320 Praetorquete
412 1269 588 1307 iniiiriae
616 1270 731 1322 prius
757 1269 903 1308 collum
934 1284 1052 1322 quam
1075 1270 1127 1309 ad
1157 1284 1229 1310 uos
1257 1273 1356 1324 per-

682 1340 817 1375 uenat.
1285 1343 1353 1377 626

85 1401 185 1439 DAE.
219 1398 327 1448 Quid
347 1400 452 1437 istuc
479 1403 541 1436 est
564 1400 735 1450 negoti?
780 1400 865 1439 TR.
897 1400 980 1438 Per
1004 1413 1080 1451 ego
1105 1402 1208 1440 haec
1224 1403 1356 1452 ge'nua

678 1469 720 1502 te
740 1467 940 1516 optest6r‚
958 1477 1097 1515 senex,

85 1530 276 1580 Quisquis
294 1541 338 1567 es
351 1561 359 1568 .
374 1561 382 1569 .
398 1561 406 1568 .
452 1530 554 1569 DAE.
588 1530 694 1579 Quin
713 1535 758 1568 tu
774 1532 872 1581 e'rgo
890 1532 1033 1569 omitte
1050 1533 1181 1582 genua
1197 1537 1240 1570 et
1256 1531 1355 1583 quid

682 1597 735 1634 sit
750 1598 805 1634 mi
822 1596 983 1649 expedi,

85 1659 229 1711 [Quor]
249 1660 482 1700 tumultues.
529 1661 615 1701 TR.
649 1661 794 1713 Teque
819 1675 891 1700 oro
909 1667 952 1700 et
968 1664 1133 1713 quaeso,
1160 1663 1194 1701 si
1211 1668 1354 1715 speras

679 1728 755 1765 tibi

82 1789 171 1850 ῌόε
188 1803 290 1829 anno
307 1790 477 1829 multam
490 1792 672 1831 futurum
689 1795 799 1844 sirpe
817 1796 860 1831 et
872 1791 1136 1843 laserpicium
1284 1797 1354 1831 630

80 1854 262 1905 Eamque
302 1860 540 1895 euenturam
580 1858 796 1908 exagogam
826 1857 1004 1909 capuam
1033 1857 1185 1896 saluam
1214 1862 1258 1895 et
1287 1858 1355 1895 sd-

681 1923 843 1973 spitem‚

86 1972 222 2035 Atque
239 1985 286 2022 ab
302 1984 551 2036 lippitudine
567 1999 696 2037 usque
713 1987 875 2025 siccitas
891 1992 937 2024 ut
951 1988 1005 2024 sit
1019 1987 1096 2024 tibi
1115 2015 1123 2022 .
1141 2015 1150 2022 .
1170 2015 1178 2022 .

81 2049 179 2088 DAE.
226 2048 363 2087 sanun
391 2050 465 2088 es?
519 2051 556 2088 T
558 2051 606 2090 R.
638 2051 721 2090 Seu
749 2052 825 2089 tibi
856 2050 1028 2089 confidis
1062 2050 1154 2089 fore
1184 2050 1351 2090 multam

678 2115 943 2167 magudarim,

80 2168 136 2217 Vt
157 2183 200 2217 te
224 2190 277 2217 ne
298 2179 438 2229 pigeat
463 2178 561 2218 dare
581 2192 748 2231 operam
763 2180 863 2218 mihi
896 2178 1006 2230 quod
1027 2184 1070 2217 te
1103 2180 1250 2226 orabo,
1285 2192 1352 2218 se-

676 2256 768 2284 nex.

999 2314 1042 2347 15
1054 2310 1074 2329 '⁸
