1511 2502
165 97 247 138 262

640 97 951 138 PLAVTI
1165 107 1431 144 v17—216

270 206 426 248 Saltem
453 210 496 248 ut
521 221 610 248 eam
633 208 842 260 abducam,
860 209 911 248 de
926 211 1044 249 bonis
1061 210 1169 263 quod
1184 209 1314 249 restat
1328 208 1430 248 reli-

769 276 964 326 quiarum.

266 341 350 380 GR.
382 340 607 391 Numquam
632 338 782 392 edepol
806 339 930 379 hodie
956 340 1007 379 ad
1021 341 1240 393 uesperum
1255 340 1426 391 Gripum

766 407 993 457 inspicietis
1008 407 1156 456 uiuom,

266 471 353 509 Nisi
370 469 530 509 uidulus
547 471 645 508 mihi
661 469 862 509 redditur.
906 471 988 510 LA.
1019 471 1153 509 Perii:
1176 483 1297 522 quom
1310 483 1424 509 men-

761 536 916 574 tidnem

265 601 379 639 Fieri
404 600 521 638 audio
546 612 715 651 usquam
738 598 881 650 niduli,
907 601 1020 651 quasi
1041 599 1133 651 p÷ilo
1160 604 1305 652 pectus
1329 601 1423 639 tim-

763 666 850 704 dor.
1332 671 1423 706 1290

265 732 350 771 GR..
381 732 473 768 Istic
499 729 698 769 scelestus
721 728 829 768 liber
855 735 938 769 est:
970 743 1045 781 ego
1064 732 1132 782 qui
1151 733 1193 769 in
1208 732 1309 770 mari
1323 743 1421 784 pre-

764 794 891 833 hendi

264 862 368 900 Rete
395 865 516 913 zitque
542 862 685 913 excepi
707 860 902 912 nidulum,
936 862 973 899 ei
1000 860 1097 899 deire
1125 861 1283 912 negatis
1309 862 1420 912 quic-

762 941 890 978 quam.

262 993 345 1032 LA.
378 993 458 1031 Pro
484 993 525 1031 di
547 991 808 1043 inmortales,
840 992 909 1031 suo
934 993 1034 1030 mihi
1058 993 1125 1031 hic
1149 994 1337 1031 sermdne
1353 1005 1418 1031 ar-

756 1059 863 1097 rexit
880 1059 998 1098 asu-is.

261 1123 345 1161 GR.
391 1123 581 1161 Cubitum
618 1122 761 1162 hercle
798 1122 930 1174 longis
967 1122 1100 1160 literis
1141 1123 1306 1172 signzibo
1337 1124 1416 1160 iam

754 1191 1058 1239 usquequaque,

262 1252 396 1304 Siquis
421 1252 655 1304 perdiderit
677 1252 858 1292 nidulum
883 1266 972 1291 cum
993 1266 1089 1291 auro
1106 1256 1227 1303 atque
1244 1256 1413 1303 argento

754 1318 896 1369 multo,
1324 1321 1412 1356 1295

258 1382 322 1419 Ad
348 1383 516 1434 Gripum
540 1388 584 1421 ut
601 1385 748 1423 ueniat.
781 1387 863 1423 ndn
878 1385 1023 1423 feretis
1040 1387 1182 1435 istum,
1213 1389 1258 1422 ut
1272 1388 1412 1436 postu-

751 1448 859 1487 lfitis.

254 1512 335 1550 LA.
358 1513 498 1551 Meum
513 1512 656 1551 hercle
671 1513 754 1552 illic
771 1515 890 1552 homo
908 1514 1088 1552 uidulum
1103 1516 1181 1552 scit
1192 1516 1260 1565 qui
1273 1515 1411 1563 habet,

750 1583 796 1617 ut
812 1591 886 1630 ego
905 1581 1060 1630 opinor.

255 1642 479 1680 Ade1‘1ndus
504 1644 558 1680 mi
580 1642 667 1681 illic
692 1644 753 1682 est
776 1644 918 1682 homo:
948 1643 989 1682 di
1013 1644 1161 1695 quaeso
1182 1645 1409 1684 subuenite.

254 1708 336 1746 GR.
378 1708 484 1756 Quid
513 1721 577 1746 me
606 1710 713 1747 intro
744 1710 944 1748 reuocas?
981 1711 1059 1748 hdo
1095 1709 1191 1749 uolo
1220 1711 1287 1749 hic
1316 1716 1409 1750 ante

754 1776 900 1813 (istium
918 1776 1146 1826 extergere.

249 1840 349 1878 Nam
378 1841 456 1878 hoc
489 1838 652 1890 quidem
668 1839 738 1891 pol
771 1852 793 1878 e
822 1841 1030 1890 robigine,
1055 1852 1136 1877 non
1162 1840 1224 1878 est
1247 1852 1270 1878 c
1293 1840 1407 1878 ferro

747 1904 919 1942 fzictum:
1320 1909 1408 1943 1300

252 1971 308 2007 lta
327 1973 475 2021 quanto
494 1971 617 2020 magis
635 1970 843 2020 extergco,
859 1967 1024 2007 rutilum
1036 1970 1158 2019 fitque
1169 1968 1330 2007 tenuius
1346 1968 1404 2007 fit.

254 2034 369 2083 [Nam
391 2036 469 2073 hoc
495 2035 658 2087 quidem
682 2034 968 2076 uenenatumst
989 2046 1152 2072 uerumt
1182 2035 1239 2072 ita
1262 2035 1306 2072 in
1323 2036 1405 2072 md-

745 2101 863 2139 nibus
881 2099 1165 2149 consenescit]

250 2165 331 2204 LA.
364 2165 639 2217 Adulescens,
665 2166 787 2206 salue.
834 2165 919 2205 GR.
950 2165 1000 2203 Di
1023 2169 1065 2202 te
1087 2168 1222 2202 ament
1238 2176 1326 2202 cum
1342 2165 1404 2201 in-

740 2233 831 2268 raso
848 2230 993 2281 capite.
1037 2228 1120 2267 LA.
1152 2227 1346 2278 Quidfit?
