1511 2502
53 146 302 182 V320-37
508 135 868 174 RVDENs.
1241 132 1322 175 267

109 250 209 291 DAE.
242 249 385 302 Gripe,
403 247 511 300 quod
526 252 570 286 tu
583 248 709 285 istum
725 245 926 284 talentum
941 246 1076 296 pdscis
1088 246 1107 283 ‘3
1149 246 1232 285 GR..
1259 247 1322 284 lu-

656 312 788 349 ratast
802 311 901 349 mihi

107 379 227 421 Dare.
251 380 334 419 LA.
350 379 484 417 Lubet
498 379 656 416 iurare:
673 380 745 414 tun
762 388 852 414 meo
869 376 1054 427 pontifex
1069 377 1287 428 periiirio's
1300 379 1319 414 ἱ)

106 445 206 484 DAE.
240 445 328 494 Qua
342 456 417 496 pro
434 456 480 482 re
498 444 710 494 argentum
725 443 914 493 promisit
932 442 998 480 hic
1019 443 1094 480 tibi
1106 443 1125 479 ‘3
1164 432 1248 484 GR'.
1278 443 1320 481 Si

656 505 841 544 nidulum

108 574 229 612 Hunc
258 572 511 624 redegissem
542 574 583 610 1‘11
606 575 853 624 potestatem
879 572 987 622 eius,
1016 572 1192 610 iuratust
1222 572 1321 611 dare

105 638 212 676 Mihi
241 636 441 677 talentum
469 641 655 689 magnum
683 637 854 687 argenti.
897 636 981 675 LA.
1014 637 1127 676 Cedo
1160 639 1322 689 quicum

657 702 827 739 habeam
843 700 1034 752 iudicem,
1231 708 1322 743 1380

105 769 143 806 N
146 770 159 805 ι’
175 766 268 806 dolo
284 766 388 805 malo
406 765 664 819 instipulatus
682 769 737 804 sis
753 767 848 804 niue
861 767 1079 806 etiamdum
1095 768 1205 820 [hau]
1220 770 1319 807 siem

107 832 295 882 Quinque
320 835 363 868 et
386 831 533 881 uiginti
555 834 681 869 annos
696 834 826 869 natus.
874 831 957 869 GR.
989 833 1106 871 Habe
1125 846 1213 871 cum
1227 834 1306 871 hoc

655 895 739 934 LA.
777 895 931 947 [Immo]
952 897 1069 935 alidst
1086 910 1198 949 opus.

106 962 206 999 DAE.
235 961 315 999 Iam
333 961 380 998 ab
398 961 477 997 isto
495 960 658 998 auferre
674 960 753 998 hau
770 961 899 999 sinam
918 961 1008 1012 [te],
1025 963 1066 1000 ni
1083 964 1214 1002 istunc
1225 976 1321 1001 con-

661 1024 920 1066 demnziuero.

104 1092 388 1131 Promisistine
403 1092 496 1129 huic
512 1091 754 1141 argentum?
782 1091 866 1131 LA.
888 1091 1052 1131 Fiteor.
1084 1093 1184 1132 DAE.
1203 1093 1322 1142 Quod

658 1158 778 1195 seruo
795 1169 885 1195 meo

106 1221 350 1272 Promisisti,
373 1221 506 1259 meum
532 1231 623 1258 esse
648 1224 824 1271 oportet.
858 1221 911 1258 ne
935 1225 1001 1272 tu,
1031 1220 1150 1273 leno,
1179 1225 1317 1274 postu«

651 1284 715 1323 les
1230 1293 1319 1327 1385

105 1352 169 1390 Te
189 1353 256 1390 hic
271 1350 353 1390 fide
368 1350 535 1389 lenonia
550 1351 631 1388 uti:
662 1352 743 1388 non
759 1352 880 1402 potis.
926 1351 1010 1390 GR.
1035 1353 1116 1390 Iam
1131 1353 1174 1391 te
1196 1354 1319 1392 ratu‘s

105 1415 305 1455 Nanctum
334 1415 541 1453 hominem
566 1426 686 1465 quem
712 1413 1008 1453 defraudares?
1043 1414 1218 1454 dandum
1240 1417 1320 1455 huc

654 1480 906 1530 argentumst
922 1481 1116 1531 probum:

105 1535 151 1583 id
181 1557 255 1595 ego
288 1544 478 1582 continuo
510 1544 604 1581 huic
634 1543 759 1594 dabo,
792 1543 892 1582 adeo
918 1545 984 1583 me
1007 1548 1053 1583 ut
1075 1546 1143 1584 hic
1160 1546 1317 1584 emittat

653 1622 783 1648 manu.

103 1675 203 1716 DAE.
237 1674 405 1725 Quando
439 1687 536 1726 ergo
569 1687 664 1726 erga
694 1677 737 1713 te'
765 1676 964 1727 benignus
989 1676 1179 1728 [egolfui
1196 1681 1317 1728 atque

657 1744 783 1792 opera
800 1754 889 1779 mea

104 1805 217 1844 Haec
240 1806 317 1843 tibi
341 1809 435 1843 sunt
458 1808 639 1844 seruata:
672 1802 787 1860 (GR.
817 1807 940 1845 Immo
966 1806 1110 1846 hercle
1129 1820 1240 1858 mea,
1264 1821 1316 1846 ne

651 1877 696 1910 tu
713 1872 822 1910 dicas
838 1880 918 1913 tua.
1227 1878 1318 1912 1390

102 1936 202 1975 ΒΕ.
237 1935 280 1974 Si
304 1937 451 1988 sapies,
467 1933 674 1994 tace'bis2]
706 1944 789 1975 tum
805 1943 847 1976 te
864 1939 962 1976 mihi
979 1939 1156 1989 benigne
1171 1937 1316 1976 itidem

652 2003 827 2042 addecet

102 2067 215 2105 Bene
251 2069 429 2106 merenti
458 2069 564 2106 be'ne
593 2069 757 2108 referre
787 2069 969 2119 gratiam.
1028 2068 1111 2107 LA.
1157 2068 1315 2120 Nempe

646 2136 721 2186 pro
737 2147 827 2173 meo

101 2198 193 2237 Iure
219 2199 341 2238 oras?
384 2199 484 2238 DAE.
516 2200 669 2238 Mirum
695 2201 791 2251 quin
816 2205 929 2238 tuum
952 2201 1014 2238 ius
1038 2198 1129 2238 meo
1152 2198 1311 2252 periclo

648 2280 717 2318 aps
733 2270 775 2304 te
795 2268 990 2318 expetam.
