1511 2502
1371 0 1379 3 s
1412 2 1442 14 d„-
1457 0 1511 16 -‚.,3

220 125 297 164 140
694 122 722 161 Ρ
749 122 777 161 L
804 122 838 161 A
864 123 898 160 V
926 122 956 161 T
985 122 1001 160 Ι
1280 135 1322 165 111
1347 133 1484 173 25—52

328 236 439 287 Aput
460 234 688 272 Sicuonem.
732 234 817 275 LV.
848 234 948 273 Nam
965 233 1062 285 quid
1077 233 1120 272 id
1135 234 1268 273 refert
1285 246 1388 284 mea,
1415 238 1483 273 395

327 302 391 338 An
408 298 499 338 aula
515 312 659 351 quassa
675 300 765 338 cum
783 300 922 337 cinere
939 298 1122 337 ecfossus
1138 298 1245 337 siet?

327 364 409 403 CV.
440 364 758 416 Superstitiosus
784 364 852 402 hic
877 362 1101 414 quidemst:
1136 376 1234 402 uera
1251 362 1482 415 praedicat:

325 431 507 480 Namque
525 428 620 468 illae
638 429 867 482 catapultae
885 428 935 467 zid
954 441 1018 468 me
1035 430 1180 468 crebro
1199 430 1424 468 conmeant.

325 493 595 544 Adulescens,
613 495 663 532 ob
680 506 767 533 rem
783 492 989 546 puplicam
1004 494 1081 532 hoc
1099 494 1209 533 intus
1227 493 1327 532 mihi

325 559 443 609 Quod
460 560 618 610 insigne
635 560 781 609 habeo,
799 559 947 610 quaeso
964 571 1016 597 ne
1032 570 1097 597 me
1112 559 1354 597 incomities.
1414 563 1483 596 4OO

322 625 407 664 LV.
440 624 612 663 Licetne
628 624 821 674 inforare,
837 625 871 662 si
887 624 1139 662 incomitiare
1157 625 1236 662 hau
1252 622 1384 661 lieet?

324 690 406 729 CV.
437 689 526 728 Non
544 689 740 726 inforabis
758 690 823 726 me
841 688 1018 739 quidem,
1034 702 1110 728 nec
1126 691 1224 728 mihi
1240 689 1377 742 placet

326 756 459 795 Tuum
475 755 665 808 profecto
682 755 757 792 nc‘c
774 754 908 793 forum
923 767 999 793 nec
1016 757 1232 795 comitium.

323 820 396 858 Set
411 820 518 858 hunc
535 831 653 870 quem
670 831 821 869 quaero
840 820 1145 859 conmonstrare
1164 822 1198 858 si
1216 824 1348 872 potes,

322 887 446 924 Inibis
464 900 483 923 a
501 897 564 923 me
581 883 753 923 solidam
771 889 813 923 et
829 884 1023 935 grandem
1039 886 1221 936 gratiam.
1412 890 1479 923 405

323 953 528 992 Lucdnem
547 963 697 1003 quaero
713 952 986 1003 tarpessitam.
1038 951 1122 991 LV.
1158 951 1232 989 Dic
1248 951 1360 1000 mihi,

325 1017 430 1067 Quid
456 1018 548 1056 eum
572 1029 678 1055 nunc
701 1016 893 1067 quaeris?
924 1017 992 1054 aut
1010 1016 1226 1068 quoiati's?
1269 1016 1354 1056 CV.
1385 1005 1477 1054 Elo-

818 1095 935 1132 quar:

323 1150 384 1186 Ab
404 1148 766 1200 Therapontigono
783 1145 1045 1198 Platagidoro
1062 1146 1203 1188 milite.

324 1214 408 1252 LV.
441 1213 545 1251 Noui
566 1212 715 1265 c'depol
734 1226 902 1252 nomen:
934 1215 1025 1250 nam
1041 1213 1140 1250 mihi
1154 1213 1257 1251 istoc
1273 1212 1451 1262 nomine,

324 1278 425 1316 Dum
443 1280 590 1328 scribo,
609 1278 770 1330 expleui
787 1280 892 1316 totas
910 1290 1023 1316 ceras
1041 1280 1244 1328 quattuor.
1412 1283 1479 1316 410

323 1346 394 1383 set
414 1344 508 1396 quid
524 1344 729 1383 Luconem
747 1344 908 1395 quaeris
920 1343 939 1380 ’.ἲ
973 1343 1057 1383 CV.
1089 1342 1367 1382 Mandatumst
1381 1343 1480 1381 mihi

322 1410 375 1447 Vt
394 1410 465 1447 ha's
481 1407 653 1446 tabellas
670 1407 719 1446 ad
731 1420 821 1446 eum
832 1407 997 1446 ferrem.
1029 1407 1113 1447 LV.
1132 1408 1229 1458 Quis
1241 1411 1287 1446 tu
1297 1407 1449 1446 homo's
1460 1407 1480 1443 ’.ἓ

323 1474 406 1512 CV.
426 1473 616 1512 Libertus
627 1472 751 1524 illius,
775 1486 893 1525 quem
905 1475 1043 1512 omnes
1055 1473 1311 1513 Summanum
1320 1478 1477 1512 uocant.

320 1539 404 1578 LV.
438 1538 665 1588 Summam,
683 1538 805 1579 salue.
838 1542 905 1590 qui
922 1539 1201 1578 Summanu's‘?
1228 1539 1293 1577 fac
1309 1539 1442 1577 sciam.

322 1603 405 1642 CV.
441 1603 540 1652 Quia
557 1603 800 1641 uestimenta
819 1603 952 1654 [nie'a]‚
972 1604 1039 1641 ubi
1056 1603 1283 1642 obdormiui
1303 1603 1452 1641 c'brius.

323 1666 557 1705 Summano:
590 1667 639 1704 ob
669 1680 755 1705 eam
778 1679 867 1705 rem
888 1680 952 1705 me
978 1670 1116 1706 omnes
1134 1667 1390 1706 Summanum
1408 1680 1479 1704 uo-

821 1737 923 1771 cant.
1410 1735 1477 1771 416

322 1796 405 1835 LV.
439 1795 548 1834 Alibi
563 1799 606 1833 te
622 1794 787 1833 meliust
805 1797 1003 1847 quaerere
1021 1797 1242 1848 hospitium
1258 1797 1356 1834 tibi:

320 1862 431 1913 Aput
446 1862 510 1899 me
525 1860 713 1913 profecto
730 1859 832 1898 nihil
850 1866 912 1899 est
929 1861 1142 1899 Summano
1158 1860 1252 1901 loci.

323 1925 395 1963 Set
410 1926 532 1963 istum
548 1937 668 1975 quem
680 1926 841 1976 quaeris
860 1926 932 1976 ego
951 1939 1049 1965 sum.
1083 1926 1167 1965 CV.
1191 1926 1364 1976 Quaeso,
1380 1926 1477 1963 tune

813 1991 847 2028 is
865 2003 922 2040 es,

322 2056 430 2093 Luco
454 2055 701 2107 tarpessita?
745 2055 829 2095 LV.
861 2046 947 2106 Ego
971 2067 1067 2093 sum.
1114 2054 1197 2094 CV.
1225 2054 1396 2093 Multam
1413 2054 1478 2091 me

815 2121 891 2158 tibi
1409 2124 1477 2157 420

321 2184 499 2224 Salutem
515 2186 633 2223 iussit
650 2184 1035 2237 Therapontigonus
1053 2185 1192 2223 dicere

320 2249 373 2287 Et
384 2250 455 2288 hzis
467 2248 641 2289 tabellas
654 2249 751 2289 dare
763 2263 826 2289 me
837 2252 965 2290 iussit.
988 2250 1069 2289 LV.
1090 2249 1248 2288 Mihine
1260 2249 1280 2286 *ἓ
1302 2247 1385 2288 CV.
1404 2247 1475 2286 lta.
