1511 2502
99 144 332 181 11362-91
471 130 999 172 BACCHIDES.
1325 128 1378 169 69

101 249 185 287 UH.
218 248 515 286 Reuorsionem
532 244 582 283 ad
599 244 750 282 te‘rram
766 242 922 280 faciunt
936 241 1114 293 uesperi.

99 314 162 354 NI.
192 315 346 352 Aurum
372 310 514 350 hercle
539 309 703 348 auferre
728 306 922 346 uoluere:
961 307 1000 345 ei
1025 307 1087 345 rei
1111 309 1277 359 operAm
1307 306 1377 345 da-

707 373 816 411 bant.

99 445 185 484 CH.
216 443 307 482 Non
322 443 387 481 me
403 439 571 490 fefellit,
589 439 719 478 sensi:
751 450 799 476 eo
818 438 1066 476 exanimatus
1081 436 1153 476 fui.

98 510 294 559 Quoniam
310 506 496 546 uidemus
514 506 613 544 auro
630 502 798 542 insidias
815 503 926 554 fieri,

97 575 287 626 Capimus
305 573 517 612 consilium
535 571 726 609 continuo
745 569 876 620 [hoclz
906 567 1108 620 postridie
1306 571 1371 606 30c

97 639 328 678 Auferimus
346 651 486 677 aurum
503 648 621 675 omne
641 634 773 686 [illim]
796 633 878 672 illis
896 633 1182 686 praesentibus

96 703 231 742 Palam
250 707 371 756 atque
389 707 546 755 aperte,
563 708 607 740 ut
624 700 688 739 illi
704 700 746 738 id
762 701 914 738 factum
932 702 1169 738 sciscerent.

95 770 160 810 NI.
194 769 305 808 Scite
322 768 484 807 hercle:
513 767 629 818 cedo,
649 765 747 818 quid
764 765 855 804 ssli?
901 766 985 804 CH.
1017 765 1180 804 Tristes
1196 763 1307 814 ilico,

97 837 294 886 Quoniam
312 834 515 887 extemplo
535 848 556 872 a
571 838 694 886 portu
714 835 774 871 ire
790 845 864 871 nos
882 846 971 871 cum
989 834 1085 870 auro
1103 831 1261 882 uident,

99 901 335 941 subducunt
350 900 530 939 lembum
549 900 749 951 capitibus
772 899 1034 937 cassautibus.
1303 902 1370 937 305

99 968 176 1007 Nos
195 967 290 1020 aput
307 968 569 1006 Theotimum
586 977 705 1004 omne
725 965 865 1003 aurum
882 963 1173 1016 deposMimus,

95 1033 172 1082 Qui
187 1033 273 1072 ilh'c
290 1031 482 1072 sacerdos
500 1032 563 1070 est
578 1031 731 1069 Dianae
748 1020 967 1082 Ephesiae.

93 1099 158 1138 NI.
193 1099 270 1149 Qui
290 1100 382 1137 istic
403 1098 438 1136 T
441 1097 695 1136 heotimust?
737 1096 823 1137 CH.
857 1094 1114 1146 Megalobusi
1129 1093 1257 1146 filius,

95 1164 172 1213 Qui
187 1165 294 1203 minc
311 1165 353 1202 in
368 1165 576 1216 Ephesost
591 1154 782 1215 Ephesiis
800 1164 1054 1200 carissumus.

93 1229 157 1268 NI.
187 1230 248 1268 Ne
268 1229 344 1268 ille
361 1229 504 1269 he'rcle
521 1231 621 1268 mihi
637 1230 689 1268 sit
705 1227 834 1270 multo
851 1231 963 1265 tanto
982 1227 1129 1276 carior,
1301 1230 1369 1265 310

96 1295 139 1334 Si
154 1295 247 1334 med
262 1295 334 1335 illo
352 1309 448 1334 auro
465 1298 577 1335 tanto
595 1294 926 1334 circumduxerit.

97 1360 182 1400 CH.
217 1361 323 1410 Quin
340 1363 381 1399 1'11
398 1373 520 1412 eapse
538 1359 638 1398 aede
657 1359 790 1410 [deae]
807 1360 959 1397 Dianae
978 1356 1247 1397 cdnditumst:

96 1424 248 1464 Ibidem
264 1425 484 1477 puplicitus
502 1426 678 1465 se‘ruant.
724 1425 789 1464 NI.
824 1423 1044 1463 Occidistis
1061 1437 1146 1462 me:

94 1491 226 1529 Nimio
243 1491 309 1529 hic
324 1491 516 1542 priuatim
533 1492 769 1529 seruaretur
786 1491 951 1529 rectius.

96 1555 168 1594 Set
184 1555 296 1594 nilne
315 1555 424 1606 [huc]
445 1554 639 1594 attulistis
655 1554 752 1594 inde
770 1556 855 1593 auri
872 1554 1063 1592 domum?
1298 1561 1365 1595 315

95 1620 179 1660 GH.
210 1621 332 1659 Immo
352 1622 492 1660 etiam:
522 1634 665 1660 uerum
682 1623 874 1673 quantum
891 1620 1076 1659 attulerit
1090 1621 1242 1661 nescio,

93 1686 156 1725 NI.
189 1686 316 1737 Quid7
346 1688 509 1726 nescis?
559 1689 644 1728 CH.
677 1689 779 1738 Quia
802 1687 1084 1726 Mnesilochus
1110 1692 1234 1726 noctu
1258 1687 1366 1727 clan-

698 1753 830 1792 culum

95 1816 271 1855 Deuenit
287 1817 337 1856 ad
354 1818 633 1858 Theotimum:
664 1832 741 1858 nec
759 1820 857 1857 mihi
875 1818 1047 1857 credere

95 1881 179 1920 Nec
197 1883 409 1933 quoiquam
423 1885 466 1922 in
482 1886 575 1923 naui
593 1884 735 1924 uoluit.
768 1897 816 1923 eo
834 1897 908 1935 ego
928 1885 1067 1923 ne‘scio

96 1946 297 1995 Quantum
320 1946 424 1987 illim
447 1950 651 1989 attulerit:
681 1952 823 1989 uerum
850 1951 928 1988 hau
948 1948 1195 2002 permultum
1212 1948 1363 1990 attulit.

94 2010 159 2050 NI.
191 2011 325 2050 Etiam
341 2012 548 2054 dimidium
565 2017 737 2055 censes?
783 2016 869 2055 CH.
899 2014 989 2053 Non
1005 2012 1156 2067 edepol
1173 2015 1277 2052 scio:
1297 2020 1363 2054 321

95 2076 249 2115 Verum
263 2078 361 2116 haut
377 2081 532 2131 opinor.
576 2082 642 2122 NI.
670 2083 827 2121 Fertne
843 2086 1002 2134 partem
1022 2081 1215 2120 tertiam?

95 2141 181 2180 GH.
212 2141 303 2180 Non
319 2143 460 2182 hercle
481 2147 646 2197 opinor:
675 2149 818 2186 uerum
835 2160 980 2186 uerum
997 2147 1158 2186 nescio:

93 2206 288 2246 Profecto
307 2208 357 2247 de
375 2222 471 2248 auro
487 2210 544 2249 nil
562 2213 644 2250 scio
662 2214 741 2251 nisi
758 2214 907 2252 neseio.

94 2270 208 2310 Nunc
225 2273 385 2312 tibimet
400 2273 500 2313 illuc
516 2277 609 2314 naui
626 2278 908 2329 capiundumst
924 2280 1019 2329 iter,
1294 2285 1361 2320 325
