1511 2502
533 111 589 142 AD
615 110 722 143 ΕΒΗ).
751 109 1043 142 RlTSCflELn'M.
1311 108 1429 141 xvmt

157 214 209 248 cll.
229 215 318 246 Pers.
334 215 364 246 V
389 212 410 245 2
436 210 509 253 35).
536 228 582 237 —
608 212 649 244 V.
671 210 738 245 582
762 222 822 254 pro
856 213 954 243 tertio
987 210 1122 242 bacchio
1149 209 1428 252 palimbacchium

158 266 243 301 (sum
268 258 398 299 saluos)
424 259 521 300 posui
548 268 646 299 quem
673 265 810 300 propter
832 257 1131 299 interpunctionem
1154 257 1304 287 excusari
1328 264 1428 297 posse

159 314 372 342 putaveram:
407 314 494 335 nune
522 314 598 335 vcro
622 304 699 335 vide
725 313 804 334 num
830 302 883 334 liic
909 311 1025 334 versus
1052 312 1117 333 non
1142 301 1352 333 incommode
1381 302 1428 332 sic

160 355 365 398 perpoliatur
390 348 593 400 Equidem
622 348 738 387 ualco
760 349 874 387 recte
897 352 1018 399 atque
1040 346 1172 385 saluos
1194 359 1302 397 sum,
1333 347 1427 384 Am·

157 406 334 457 plu'truo.
356 427 413 434 -—-
442 410 482 441 V.
507 407 574 441 642
607 419 658 450 sq.
694 419 767 440 cum
800 410 842 439 ita
878 413 910 440 ut
943 418 977 450 p.
993 406 1035 440 31
1062 406 1219 449 leguntur
1245 407 1427 439 instauravi

158 460 305 492 nonduin
336 460 615 502 investigaveram
652 469 724 491 eant
759 460 866 502 legem
893 459 1073 500 prosodiae
1098 458 1270 490 Plautinae
1296 468 1336 490 ex
1364 468 1429 498 qna

158 506 253 537 tertia
284 505 466 548 singularis
497 515 641 547 persona
674 505 814 547 perfecti
848 504 946 536 activi
980 504 1141 547 syllabam
1177 503 1326 535 ultimam
1350 513 1427 545 pro-

159 551 266 588 ducit,
301 556 336 582 ut
364 552 442 583 uicit
475 551 593 582 eodem
629 552 699 582 iure
731 551 919 592 spondeum
956 550 1076 581 efficiat
1103 560 1167 590 quo
1194 550 1271 590 fuat
1297 558 1325 581 et
1353 550 1430 580 uelit

158 596 306 634 iambos,
342 597 456 629 audiet
479 597 655 634 creticum,
687 597 835 638 adflictat
860 595 1042 627 molossum
1069 600 1100 626 ct
1126 605 1210 636 quac
1235 600 1311 626 sunt
1336 595 1428 626 sitni-

156 641 221 679 lia,
249 651 348 682 quam
375 642 510 683 quidem
536 652 606 673 rem
633 642 740 674 adhuc
766 641 927 673 occultam
942 650 989 672 'rv
1003 642 1131 683 primus
1146 641 1177 672 in
1192 640 1323 683 Proleg.
1339 640 1427 671 Trin.

157 698 190 729 p.
208 695 355 720 chxxu
380 698 452 729 sqq.
482 689 661 730 aperuisti:
689 688 750 720 sed
775 693 808 719 ut
837 687 877 719 de
903 687 1000 718 istius
1027 687 1270 718 observationis
1293 687 1429 717 veritate

158 743 254 764 nemo
281 743 383 764 sanus
409 733 592 772 dubitabit,
620 735 669 764 sic
692 733 757 766 hoc
778 733 866 774 qnod
888 743 950 775 ego
972 733 1171 764 observasse
1193 732 1311 763 videor
1324 731 1429 772 qnod-

159 788 223 818 que
249 779 280 809 in
306 789 445 810 censura
469 779 576 811 Plauti
602 788 662 811 'rvl
689 779 730 810 (le
757 789 822 820 qna
847 788 948 820 supra
974 778 1042 809 dixi
1074 778 1258 809 rationibus
1285 778 1429 808 stabilivi

158 823 273 855 itidem
305 830 428 856 certum
455 831 505 857 est
530 832 628 865 atque
655 825 876 866 exploratum.
911 829 1048 866 propter
1072 823 1158 855 hanc
1183 828 1294 855 autem
1321 823 1428 865 legem

158 871 189 900 in
226 871 274 900 eis
306 880 390 910 quos
424 871 494 902 dixi
530 871 681 902 versibus
707 870 865 902 librorum
892 870 1054 911 scriptura
1081 879 1179 910 qnam
1204 868 1428 900 HEannvas

160 925 290 955 quoque
321 916 353 946 in
387 915 491 947 Elem.
519 916 621 946 doctr.
651 921 744 946 metr.
774 925 806 956 p.
826 912 893 946 298
919 925 968 954 sq.
999 915 1077 955 (scd
1104 915 1293 946 dubitanter
1318 914 1372 945 ille
1400 921 1430 944 ct

160 971 201 990 ex
228 961 491 1001 interpunctione
519 971 603 1001 quae
628 961 717 991 nulla
744 966 792 992 est
817 961 1033 991 excusatione
1058 959 1149 990 haud
1174 960 1339 1001 probabili
1374 969 1427 1001 pe-

158 1004 235 1045 tita)
262 1006 395 1037 retinuit
423 1006 610 1037 revocanda
637 1010 685 1037 est

218 1061 291 1099 Set
319 1062 398 1099 hoc
428 1074 492 1099 me
523 1063 619 1100 beat
648 1059 816 1111 saltem,
848 1062 1036 1111 quoniam
1066 1059 1292 1112 perduellis

214 1126 324 1166 Vicit
353 1130 395 1164 et
424 1125 586 1165 domum
615 1125 746 1164 laudis
778 1127 929 1177 conpos
959 1126 1133 1164 reuenit.

158 1189 295 1224 &1678
329 1201 416 1222 nunc
452 1201 517 1223 non
555 1192 669 1223 dubito
709 1192 788 1232 quin
826 1191 916 1232 quod
955 1191 1082 1222 Nonius
1119 1199 1153 1231 p.
1184 1187 1247 1222 167
1286 1192 1432 1222 servavit

158 1237 402 1276 rumiferant
428 1241 685 1283 praeferendum
719 1242 762 1273 sit
793 1243 975 1283 scripturae
1012 1241 1171 1273 librorum
1205 1240 1432 1273 PlautInorum

159 1294 352 1333 rumificaut.
378 1309 425 1316 —
451 1293 494 1324 V.
510 1290 578 1325 714
602 1293 637 1324 id
663 1293 753 1332 quod
772 1293 884 1333 priore
904 1302 1005 1323 manu
1027 1293 1060 1323 in
1077 1292 1119 1325 V.
1138 1291 1172 1324 C.
1193 1298 1364 1324 exaratum
1384 1299 1431 1325 est

160 1339 286 1381 quidem
314 1339 424 1379 recepi
450 1348 510 1379 pro
536 1339 681 1379 equidem
706 1339 792 1378 qnod
816 1337 919 1369 altera
940 1347 1057 1369 manus
1080 1338 1240 1375 correxit,
1269 1343 1304 1369 nt
1324 1339 1430 1371 inten-

159 1386 284 1416 tionem
309 1383 454 1425 syllabae
474 1384 611 1415 ultimae
638 1385 727 1415 vocis
752 1383 1056 1425 palimbaccltiacae
1077 1387 1209 1415 ecastor
1228 1383 1430 1426 refugerem,

162 1440 261 1470 quain
292 1429 354 1460 arti
385 1429 557 1460 Plautinae
586 1439 774 1471 repugnare
806 1438 853 1460 'rv
892 1431 925 1461 in
956 1428 1086 1470 Proleg.
1123 1427 1212 1460 Trin.
1248 1439 1280 1470 p.
1301 1439 1431 1462 ccxxtx

161 1476 308 1507 evicisti:
343 1475 402 1506 sed
436 1476 543 1506 erravi
578 1475 665 1514 qnod
699 1479 830 1507 ecastor
864 1485 979 1507 vocem
1013 1474 1329 1516 palimbacchiacam
1359 1486 1433 1507 esse

162 1521 316 1562 opinatus
342 1530 434 1558 sum,
463 1527 512 1551 est
539 1521 625 1552 enim
651 1520 848 1558 molossica,
876 1526 911 1552 nt
938 1531 980 1552 ex
1004 1520 1072 1551 Mil.
1091 1518 1175 1552 1041
1206 1521 1342 1562 adparet
1370 1521 1431 1562 (cf.

160 1567 266 1610 Varro
293 1566 332 1598 de
357 1566 437 1608 ling.
467 1566 540 1599 Lat.
557 1565 589 1597 X
611 1564 656 1598 70
677 1576 751 1598 enm
775 1566 907 1608 Proleg.
931 1566 1021 1599 Trin.
1040 1575 1072 1607 p.
1093 1574 1223 1597 chxrv
1240 1566 1329 1608 sq.):
1359 1578 1433 1599 cum

161 1636 240 1657 vero
272 1626 418 1656 sermoni
449 1624 600 1656 Plautino
636 1624 695 1666 (cs.
722 1635 751 1659 v.
768 1622 836 1658 698
860 1631 891 1657 et
916 1623 1001 1665 730)
1037 1610 1209 1659 Ecastor
1241 1621 1432 1672 equiddm

162 1677 271 1718 magis
303 1676 495 1716 conveniat,
530 1677 602 1707 sine
634 1686 727 1707 mora
762 1675 844 1707 illud
874 1677 1118 1708 restituendum
1146 1682 1205 1708 est.
1231 1694 1278 1701 —
1307 1677 1349 1712 V,
1367 1676 1433 1710 736

162 1733 235 1754 sero
272 1721 419 1753 Intellexi
453 1721 676 1753 revocandum
711 1722 817 1753 tuisse
852 1721 1001 1753 ordinem
1032 1722 1209 1753 verborum
1235 1733 1333 1763 quem
1359 1724 1433 1756 libri

163 1771 319 1804 exhibent
344 1767 454 1807 Vera
474 1766 577 1806 dico.
622 1768 718 1806 AM.
743 1767 833 1805 Non
858 1765 909 1804 de
929 1767 1004 1805 hac
1023 1766 1188 1818 quidem
1204 1767 1348 1806 hercle
1366 1770 1433 1807 re:

164 1822 215 1860 de
239 1821 325 1860 aliis
344 1823 494 1861 ne'scio.
522 1828 600 1859 alibi
625 1833 734 1859 autem
761 1827 995 1859 demonstrabo
1023 1828 1053 1858 in
1081 1828 1173 1859 hiatu
1201 1827 1242 1860 d‘e‘
1268 1830 1343 1860 aliis
1368 1840 1434 1861 non

164 1888 238 1909 esse
278 1877 523 1910 offendendtun.
570 1895 615 1901 —
660 1878 702 1911 V.
730 1875 796 1909 755
835 1878 1035 1919 optimorum
1074 1878 1234 1910 librorum
1271 1880 1435 1920 scriptura

166 1924 242 1972 Qui
262 1936 368 1962 nunc
380 1952 391 1974 ‚
420 1923 598 1962 mulier?
628 1928 799 1959 retinenda
814 1933 900 1959 erat:
928 1928 969 1958 cs.
986 1927 1130 1960 Pseud]
1145 1927 1165 1960 2
1179 1928 1223 1960 22
1236 1928 1355 1960 Bacch.
1368 1928 1434 1963 563

164 1983 233 2016 Mil.
248 1981 316 2016 472
342 1983 417 2025 (ubi
443 1984 555 2016 relicui
580 1983 656 2015 libri
680 1988 813 2024 praeter
836 1982 877 2012 V.
896 1981 928 2013 C.
949 1987 1083 2014 tuentur
1108 1979 1187 2028 Qui
1206 1979 1316 2017 iam?
1346 1985 1435 2025 quod

167 2035 265 2065 etiam
293 2036 441 2067 eiusdem
466 2035 599 2068 fabulae
623 2031 736 2066 v.834
764 2039 794 2065 et
823 2031 909 2066 1203
931 2034 1094 2065 sententia
1114 2035 1265 2076 flagitare
1288 2035 1434 2066 videtur:

168 2087 338 2121 praeterea
361 2081 429 2112 Mil.
443 2079 509 2113 545
534 2080 760 2112 Palatinorum
781 2079 941 2110 librorum
965 2081 1131 2121 scriptura
1144 2082 1215 2122 quis
1232 2091 1315 2111 nunc
1328 2081 1435 2121 magis

169 2126 224 2166 qui
247 2126 426 2166 particulae
452 2126 564 2158 favere
590 2125 721 2157 videtur
742 2135 842 2165 quam
860 2125 1051 2166 pronomini
1066 2127 1163 2167 quid,
1191 2127 1276 2158 sicut
1290 2123 1433 2157 Mil.431

169 2180 211 2201 ex
243 2170 400 2202 librorum
434 2173 596 2213 scriptura
628 2171 787 2212 quispiam
818 2180 884 2201 non
919 2171 1084 2212 quidpiam
1117 2171 1178 2203 sed
1211 2171 1300 2211 qnod
1331 2179 1377 2201 'rv
1404 2171 1436 2201 in

170 2216 381 2247 adnotatione
396 2218 603 2258 proposuisti
617 2217 758 2258 quipiam
771 2215 975 2248 confidenter
987 2217 1098 2258 recepi
1114 2217 1164 2248 cll.
1178 2216 1270 2258 Capt.
1287 2214 1437 2255 127).—

170 2259 211 2290 V.
233 2258 301 2292 804
331 2272 383 2292 me
416 2263 518 2293 invito
554 2264 715 2304 scriptura
741 2261 867 2302 aliquot
892 2261 1049 2292 librorum
1075 2264 1299 2303 pessimorum
1325 2270 1435 2293 come-
