1511 2502
155 150 237 191 242
635 149 947 190 PLAVTI
1151 160 1425 196 1111227-39

153 263 254 303 Post
293 263 414 301 animi
455 264 572 301 causei
604 263 705 301 mihi
732 275 878 301 nauem
908 263 1052 302 faciam
1083 267 1204 316 atque
1233 263 1424 302 imitabor

760 328 1048 379 Stratonicum,

154 382 317 446 O'ppida
333 393 730 432 circumuectitahor.
763 395 831 432 ubi
848 394 1038 433 nobilitas
1055 395 1144 433 mea
1160 395 1242 433 erit
1257 393 1378 445 clara,

158 448 364 510 Oppidum
390 460 578 509 magnum
603 460 890 498 conmoenibo:
928 461 967 498 ei
991 472 1066 511 ego
1091 461 1183 498 urbi
1208 460 1336 512 Gripo
1363 463 1423 498 111-

759 524 849 563 dam
864 538 1026 576 nomen,

155 589 466 628 Monumentum
485 601 600 628 meae
616 589 746 628 famae
764 595 807 628 et
821 590 956 640 factis,
973 591 1111 641 ibique
1129 603 1298 642 regnum
1314 593 1422 642 111153-

757 668 852 693 1111111
868 656 1086 694 instituam.
1356 661 1422 696 935

154 720 324 772 Magnas
348 734 416 759 res
441 721 508 759 hic
532 722 639 771 figito
665 722 707 758 in
730 727 909 759 mentem
933 722 1152 761 instruere.
1188 735 1294 761 nunc
1319 723 1423 761 hanc

759 785 982 838 [praedam]
1000 786 1182 827 condam.

155 850 228 890 set
253 852 320 892 hic
335 864 409 891 rex
427 864 517 890 cum
535 853 650 890 aceto
667 857 909 904 pransurust
925 854 967 891 et
982 852 1079 904 sale,
1104 854 1192 892 sine
1209 854 1315 892 bond
1330 852 1422 906 pul-

755 923 905 957 mento.

499 1141 820 1181 Tnaanmo.
867 1143 1072 1181 Gmpvs.

209 1244 293 1282 TR.
325 1243 439 1282 Heus
455 1245 585 1284 mine.
619 1243 704 1282 GR.
732 1242 839 1293 Quid
853 1243 1064 1282 maneam?
1094 1243 1178 1282 TR.
1200 1243 1303 1282 Dum
1317 1244 1418 1282 haine

610 1300 686 1337 tibi
705 1312 822 1350 quam
838 1300 967 1337 trdhis
983 1299 1201 1338 rudentem
1217 1297 1415 1352 conplico.

208 1365 292 1403 GR.
325 1365 450 1412 Mitte
465 1364 598 1403 modo.
643 1365 728 1403 TR.
759 1365 815 1402 At
830 1363 900 1416 pol
918 1377 992 1416 ego
1009 1369 1051 1403 te
1069 1364 1279 1403 adiuuabo.
1302 1364 1419 1403 bonis

757 1430 866 1481 quod
880 1432 986 1468 bene
1001 1431 1061 1480 fit,
1078 1431 1157 1468 hali
1171 1431 1293 1482 perit.

207 1496 290 1535 GR.
359 1494 378 1516 *
444 1494 464 1516 *
531 1494 549 1514 *
615 1494 636 1516 *
692 1495 857 1533 turbida
871 1500 1093 1546 tempestas
1109 1494 1186 1534 filit
1201 1496 1313 1533 heri:
1353 1500 1420 1536 940

203 1559 273 1600 Nil
297 1561 427 1599 hdbeo
440 1590 452 1611 ‚
482 1559 744 1610 adulescens,
774 1561 964 1611 piscium:
994 1572 1045 1598 ne
1064 1561 1106 1598 t1‘1
1124 1560 1223 1597 mihi
1240 1572 1330 1598 esse
1345 1561 1419 1611 pd-

755 1623 893 1663 stules.

204 1692 295 1731 Non
332 1691 448 1730 uides
479 1692 641 1730 referre
671 1702 735 1729 me
766 1689 932 1728 fluidum
961 1690 1053 1727 rete'
1084 1691 1172 1728 sine
1203 1693 1416 1741 squamoso

750 1756 886 1807 pecu?

206 1823 289 1861 TR.
320 1822 410 1861 Non
428 1820 576 1874 edepol
598 1822 722 1873 piscis
741 1822 886 1872 e'xpeto
907 1834 1023 1871 quam
1043 1819 1101 1860 tfii
1117 1822 1316 1860 sermonis
1331 1833 1415 1858 sum

756 1885 953 1936 indigens.

206 1954 289 1993 GR.
321 1953 416 2003 Iam,
434 1952 616 2004 quisquis
636 1963 693 2002 es,
710 1964 774 1990 me
792 1950 885 1989 odio
902 1951 1048 1988 enicas.
1080 1950 1164 1988 TR.
1182 1950 1273 1988 Non
1289 1951 1416 1988 sinam

752 2032 827 2070 ego
844 2019 956 2057 abire
973 2019 1068 2056 hinc
1083 2018 1144 2056 te:
1173 2030 1302 2056 mane.

260 2085 344 2125 GR.
378 2086 487 2124 caue
505 2088 560 2124 sis
576 2084 702 2123 malo:
735 2084 832 2135 quid
844 2084 902 2134 tii,
919 2083 1079 2133 malum,
1095 2081 1414 2133 nam[n1‘1nc]me

750 2149 927 2187 retrahis
939 2149 958 2186 2²
1003 2148 1089 2187 TR.
1119 2146 1238 2187 Audi.
1349 2151 1414 2186 945

258 2215 341 2256 GR.
371 2215 462 2254 Non
478 2214 610 2254 aiidio.
652 2215 738 2254 TR.
770 2215 825 2253 At
839 2213 910 2266 pol
927 2215 998 2266 qui
1015 2212 1168 2252 audies.
1201 2212 1285 2252 GR..
1309 2212 1413 2262 Quin

749 2281 843 2332 post
858 2277 1057 2330 eloquere
1075 2276 1173 2329 quid
1188 2277 1262 2315 uis.
