1511 2502
184 163 237 202 20
664 161 692 199 P
718 161 746 199 L
776 161 808 198 A
837 161 870 198 V
898 161 927 199 T
958 161 974 199 I
1174 172 1228 203 1}
1255 169 1453 204 238—-259

185 264 494 326 Amphitruonis
509 274 584 323 ego
595 285 683 310 sum
693 285 836 310 seruos
850 272 977 310 sosia.
1020 273 1115 311 ME.
1141 274 1276 311 Etiam
1287 271 1452 310 denuo?

185 340 263 379 SO.
292 338 441 377 Pacem
461 338 558 388 feci,
577 337 723 375 foedus
742 338 838 385 feci,
861 338 959 375 uera
977 337 1081 376 dico.
1138 339 1232 377 ME.
1256 336 1424 389 Vapula.

185 405 263 444 So.
307 393 363 442 Vt
385 402 525 453 lubet,
557 402 667 454 quod
696 404 773 440 tibi
806 401 924 440 lubet
960 402 1046 453 fac,
1088 404 1274 454 quoniam
1305 403 1452 453 pugnis

790 467 884 519 plus
900 467 1027 506 uales.
1384 472 1453 507 396

185 536 338 575 verum
355 539 446 573 utut
462 533 679 583 facturus,
707 534 786 571 hoc
803 532 965 583 quidem
981 533 1122 571 he'rcle
1146 533 1244 572 haut
1266 533 1451 571 reticebo

792 603 940 636 tamen.

184 665 279 704 ME.
328 664 393 701 Τιί
432 676 496 701 me
535 664 652 701 uiuos
689 662 813 700 hodie
844 675 1062 713 numquam
1091 663 1217 701 facies
1250 663 1347 714 quin
1377 662 1452 700 sim

794 727 921 765 Sdsia.

186 793 264 831 ΞΟ.
310 793 435 832 certe
475 791 626 845 edepol
666 798 712 830 tu
749 804 814 830 me
855 791 1052 830 alienabis
1093 792 1309 842 numquam
1356 792 1452 842 quin

791 858 932 895 noster
949 859 1069 895 siem:

185 923 269 961 Nec
286 925 403 961 nobis
419 924 586 974 praeter
602 935 666 961 me
684 924 935 974 quisquamst
950 921 1052 960 :ilius
1069 931 1210 960 seruos
1227 921 1353 959 sosia.
1383 927 1453 961 400

188 990 281 1039 {Qui
300 1003 388 1027 cum
405 990 703 1041 Amphitruone
719 989 815 1027 hinc
832 1001 911 1026 una
925 989 1053 1026 ieram
1068 989 1111 1026 in
1125 987 1378 1038 exercitum]

185 1054 279 1092 ME.
324 1054 403 1092 H1¹c
434 1054 553 1092 homo
579 1066 698 1092 sanus
722 1055 804 1091 non
831 1058 906 1090 est.
964 1053 1041 1091 SO.
1075 1051 1193 1101 Quod
1212 1052 1311 1090 mihi
1333 1051 1453 1103 prae-

795 1117 904 1155 dicas
922 1119 1084 1168 uitium,
1102 1117 1144 1155 id
1162 1118 1290 1155 tibist.

187 1183 313 1233 Quid,
330 1183 476 1222 malum
488 1212 499 1233 ,
524 1196 605 1221 non
623 1185 709 1222 sum
729 1196 803 1234 ego
821 1196 963 1222 seruos
981 1172 1289 1235 Amphitruonis
1307 1182 1422 1221 Sosia

185 1249 329 1287 Nonne
345 1249 420 1286 hac
437 1253 562 1286 noctu
576 1250 715 1287 ndstra
732 1250 846 1286 nauis
862 1249 942 1286 h1'1c
958 1261 1007 1286 ex
1023 1254 1145 1300 portu
1159 1248 1327 1286 Persico

187 1312 326 1364 Venit,
344 1325 447 1364 quae
463 1325 528 1351 me
546 1312 739 1352 adue'xit‘?
755 1325 890 1351 nonne
908 1325 972 1351 me
987 1313 1068 1351 huc
1085 1326 1179 1351 erus
1189 1314 1298 1351 misit
1308 1325 1420 1350 meus
1434 1327 1445 1349 ι

184 1380 221 1418 N
224 1381 329 1418 (inne
347 1392 422 1430 ego
440 1392 547 1417 nunc
563 1384 625 1417 sto
643 1384 736 1417 ante
754 1378 864 1417 aedis
880 1379 1071 1417 nostras?
1087 1381 1169 1417 non
1184 1380 1278 1417 mist
1292 1379 1450 1419 laterna

793 1446 834 1482 1'n
852 1445 1000 1482 mauu?
1381 1449 1448 1483 406

184 1508 274 1547 Non
296 1507 476 1560 loquor?
506 1520 586 1546 uon
601 1507 757 1558 uigilo?
787 1522 868 1546 non
887 1509 954 1547 hic
973 1510 1092 1548 homo
1109 1522 1173 1547 me
1189 1509 1334 1561 pugnis
1352 1510 1450 1546 con-

788 1572 926 1610 tudit?
1455 1580 1458 1582 ’

182 1635 301 1674 Fecit
319 1635 484 1674 hercle:
515 1639 606 1675 nfim
622 1637 676 1674 mi
692 1638 842 1675 misero
861 1638 983 1676 etiam
998 1651 1104 1676 nunc
1120 1637 1249 1676 malae
1265 1636 1421 1675 dolent.

184 1701 290 1751 Quid
305 1703 430 1753 igitur
446 1715 521 1753 ego
540 1702 681 1740 dubito
693 1702 713 1740 ‘3
730 1708 797 1741 aut
815 1716 917 1754 quor
932 1716 1015 1742 non
1029 1705 1137 1741 intro
1154 1716 1203 1742 eo
1216 1704 1259 1741 in
1268 1705 1449 1741 nostram

790 1767 951 1806 domum
961 1768 981 1805 2²
1510 1812 1511 1815 Ἰ

182 1831 276 1870 ME.
333 1830 462 1881 Quid,
506 1830 667 1869 domum
706 1834 916 1871 nostram?
1001 1834 1080 1871 SO.
1131 1823 1191 1871 l'ta
1224 1833 1448 1870 enimuero.
1509 1837 1511 1855 ³

788 1898 883 1935 ΜΕ.
913 1899 1019 1947 Quin
1037 1910 1139 1949 quae
1166 1897 1303 1936 dixisti
1327 1896 1446 1935 modo

185 1951 330 1998 Omnia
341 1960 592 1998 ementitu's:
612 1960 804 2011 equidem
820 1975 906 2000 sum
919 1951 1228 2014 Amphitruonis
1241 1962 1368 2000 Sosia.
1379 1967 1447 2001 411

181 2026 282 2066 Nam
295 2030 419 2065 noctu
434 2027 511 2066 hac
527 2025 702 2065 solutast
717 2029 832 2066 nauis
848 2030 988 2067 nostra
1005 2041 1027 2067 e
1042 2033 1165 2081 portu
1180 2029 1364 2077 Persico,

182 2083 236 2130 Et
251 2084 320 2130 ubi
335 2092 503 2130 Pterela
518 2093 591 2131 rex
607 2094 796 2144 regnauit
813 2094 1005 2145 oppidum
1022 2096 1350 2147 expugmtuimus,

182 2147 236 2196 Et
249 2157 433 2209 legiones
451 2157 725 2197 Teleboarum
740 2161 782 2197 ui
801 2161 1016 2211 pugnando
1036 2162 1228 2212 cepimuS,

181 2210 232 2258 Et
266 2224 378 2273 ipsus
408 2223 651 2274 Amphitruo
690 2226 951 2275 optruncauit
987 2227 1126 2276 regem
1160 2224 1367 2264 Pterelam
1403 2226 1447 2264 in
1500 2259 1502 2262 ,

786 2288 956 2340 praelio.
1376 2296 1445 2330 415
1498 2314 1501 2352 5
