1511 2502
66 125 119 156 111]
143 123 168 158 4
190 122 331 159 44—62
517 115 551 154 R
577 114 610 153 V
637 115 669 153 D
700 114 731 153 E
761 115 795 154 N
825 115 874 154 S.
1255 116 1334 156 2231

120 226 205 266 GR.
236 227 319 265 Fac
350 227 405 265 sis
436 239 575 265 aurum
603 231 647 264 ut
670 226 853 264 uideam:
882 230 977 278 post
1007 238 1082 277 ego
1113 227 1260 266 faciam
1291 234 1333 267 ut

664 290 805 329 uideas
823 290 1019 330 cistulam.

118 356 218 396 DAE.
259 357 369 395 caue
398 355 502 395 malo
531 369 577 394 ac
608 360 699 394 tace
731 357 798 394 tii:
828 360 873 394 tu
900 368 1029 408 perge
1059 360 1104 394 ut
1135 358 1331 409 decepisti

658 421 810 460 dicere.

115 487 201 528 ΤΗ.
235 478 367 526 Vnum
400 492 440 525 te
471 499 664 539 opsecro,
697 488 742 525 1‘1t
771 486 844 524 ted
863 487 983 525 huius
1012 488 1330 526 conmiserescat

659 551 858 602 mulieris,
1241 558 1330 593 1090

114 618 158 656 Si
175 617 340 669 quidem
354 619 421 657 hic
441 618 600 657 lenonis
617 619 725 656 eiust
739 617 916 669 nidulus,
935 631 1055 670 quem
1071 619 1269 670 suspicor.

110 685 188 722 Hic
207 684 316 737 [ego]
334 686 413 723 nisi
429 685 480 724 de
497 687 689 738 opinione
707 687 864 724 certum
880 685 939 724 nil
955 685 1046 724 dico
1063 686 1150 723 tibi.

112 749 195 788 GR.
228 749 364 789 Viden
388 750 586 790 scelestus
610 755 655 789 ut
671 750 924 802 aucupatur?
970 750 1055 790 Tit.
1087 750 1185 789 Sine
1202 762 1266 788 me
1283 758 1327 789 ut

657 818 799 868 occepi
813 815 940 867 loqui.

110 881 154 919 Si
173 881 340 920 scelesti
358 880 464 919 illius
482 887 545 920 est
560 882 627 920 hic
645 882 787 933 quoius
805 880 896 920 dico
914 880 1092 932 nidulus,

109 947 222 985 Haec
237 952 433 998 poterunt
449 949 632 985 nouisse:
656 946 877 985 ostendere
893 947 957 985 his
972 948 1081 985 iube.
1114 947 1197 986 GR.
1215 948 1293 985 Ain
1305 948 1325 985 ⁴?

650 1012 901 1051 ostendere?
1234 1018 1323 1052 1095

110 1076 210 1117 DAE.
251 1077 362 1116 Haut
390 1078 572 1128 iniquom
603 1078 714 1128 dicit,
746 1078 888 1129 Gripe,
919 1082 964 1115 ut
994 1077 1233 1117 ostendatur
1263 1082 1324 1117 ui-

662 1142 793 1182 dulus.

110 1209 193 1248 GR.
233 1199 356 1248 lmmo
388 1208 531 1247 hercle
559 1210 749 1260 insignite
779 1210 932 1260 inique.
981 1209 1081 1248 DAE.
1119 1208 1291 1258 Quidum
1302 1211 1321 1247 ’.ἱ

660 1275 745 1314 GR.
779 1275 894 1325 Quia,
911 1276 945 1314 si
962 1274 1197 1326 ostendero,

107 1340 311 1378 cdntinuo
341 1341 448 1378 hunc
477 1343 641 1379 nouisse
670 1340 811 1379 dicent
840 1339 1012 1379 scilicet.
1060 1341 1145 1381 TR.
1178 1340 1319 1380 Scele-

659 1406 750 1443 rt'im
766 1410 900 1456 caput,

110 1458 163 1507 Vt
178 1469 312 1519 tute’s,
328 1470 428 1507 item
445 1470 573 1508 (imnis
589 1481 733 1508 censes
750 1470 870 1507 esse?
898 1471 1056 1520 periuri
1071 1476 1203 1522 caput.

107 1533 192 1572 GR.
214 1523 360 1572 Omnia
375 1546 450 1584 ego
462 1535 590 1572 istaec
605 1533 727 1572 facile
743 1535 892 1585 patior,
909 1534 1005 1573 dum
1020 1535 1087 1573 hic
1103 1536 1199 1574 hinc
1216 1550 1237 1574 a
1252 1548 1316 1574 me

654 1600 816 1639 se'ntiat.
1228 1608 1317 1640 1100

102 1664 187 1703 TR.
219 1652 345 1716 Atqui
368 1677 474 1703 nunc
500 1678 569 1717 aps
593 1666 636 1703 te
658 1669 758 1703 stat:
787 1678 931 1704 uerum
954 1667 1050 1705 hinc
1073 1669 1173 1706 cibit
1197 1670 1316 1706 testi—

654 1743 844 1768 momum.

102 1795 204 1834 DAE.
235 1795 378 1848 Gripe,
403 1794 574 1834 aduorte
591 1794 778 1836 animum.
808 1800 855 1834 tu
872 1798 1011 1848 paucis
1038 1798 1185 1850 expedi
1217 1799 1313 1850 quid

652 1862 847 1913 postulas.

101 1925 188 1966 TR..
219 1926 310 1964 Dixi
328 1925 537 1977 equidem:
569 1931 634 1964 set
648 1928 682 1965 si
699 1940 843 1978 parum
857 1926 1078 1978 intellexti,
1095 1927 1226 1968 dicam
1243 1929 1314 1968 de‘-

651 2004 745 2030 nuo.

100 2057 234 2095 Hzisce
253 2057 401 2107 ambas,
425 2061 470 2095 ut
486 2055 638 2095 dudum
654 2057 750 2108 dixi,
774 2059 832 2096 ita
849 2059 939 2097 esse
957 2063 1123 2110 oportet
1138 2059 1310 2098 liberas:

98 2123 211 2160 llaec
227 2123 401 2160 Athenis
416 2125 542 2174 parua
557 2123 637 2161 fuit
651 2125 766 2174 uirgo
784 2126 936 2176 surpta.
983 2124 1068 2163 GR.
1101 2124 1173 2162 Dic
1199 2126 1310 2175 mihi,

101 2187 207 2237 Quid
236 2187 280 2225 id
309 2187 360 2225 ad
388 2187 569 2227 nidulum
596 2190 757 2239 fittinet,
787 2190 933 2229 seruae
956 2190 1039 2228 sint
1061 2191 1165 2228 istae
1191 2203 1240 2228 an
1263 2190 1308 2227 li-

651 2256 788 2294 berae.
1221 2262 1311 2296 1106
