1511 2502
60 114 277 150 1224—34
495 102 881 144 STICHVS.
1244 103 1324 144 237

59 208 283 259 Aduorsari
308 218 394 256 sine
419 215 624 255 dedecore
649 219 691 254 et
714 214 873 254 scelere
904 228 1056 254 summo
1089 217 1167 255 hau
1181 217 1326 268 possu-

660 294 767 319 mus:

56 350 198 400 Neque
229 360 303 400 ego
333 347 376 387 id
406 360 491 386 sum
514 347 671 386 factura
695 358 827 397 neque
849 350 893 384 tu
907 349 951 384 ut
968 346 1092 384 facias
1111 344 1324 384 consiliam

659 411 776 461 dabo,

57 481 209 521 Verum
226 483 269 518 ut
286 480 511 518 exoremus.
544 478 639 516 noui
655 490 729 528 ego
749 479 931 516 mistros:
964 476 1212 516 exorabilist.

57 546 139 585 AN.
171 545 419 596 Principium
447 556 522 594 ego
555 556 631 593 quo
656 546 774 594 pacto
801 541 995 580 cumillis
1027 544 1253 594 ‹5ccupiam‚
1284 542 1326 581 id

660 609 901 646 ratiocinor:
1282 613 1325 648 75

58 666 203 715 &trum
214 688 288 726 ego
305 674 529 728 perplexim
545 673 740 712 lacessam
757 675 940 712 oratione
958 673 1006 712 ad
1024 675 1132 712 luinc
1149 673 1327 724 modum,

57 743 180 793 Quasi
209 755 423 792 numquam
455 742 667 792 quicquam
697 740 798 778 adeo
833 738 1093 789 adsimulem,
1133 752 1182 778 an
1212 741 1326 791 quasi

660 804 757 856 quid
780 804 1081 843 indaudiuerim

55 862 134 913 Eas
149 874 192 912 in
209 885 253 911 se
270 873 466 911 meruisse
483 870 660 922 culpam:
690 871 826 922 potius
847 874 1045 921 temptem
1060 868 1214 908 leniter

59 927 122 976 Ᾰιι
138 939 362 977 minaciter.
393 938 477 975 scio
496 936 580 974 litis
597 936 708 974 fore:
739 948 813 986 ego
833 947 941 973 meas
959 935 1054 973 noui
1071 936 1247 986 optume.

58 1003 101 1042 Si
117 1014 283 1041 manere
299 1003 364 1040 hic
382 1002 473 1039 sese
490 1000 633 1039 malint
648 1002 782 1052 potius
801 1013 917 1052 quam
934 999 1013 1038 alio
1030 1000 1202 1050 nubere,
1281 1004 1328 1038 80

57 1067 248 1105 Faciant:
292 1065 389 1117 quid
419 1066 517 1104 mihi
547 1067 665 1117 opust
696 1064 867 1103 decurso
901 1066 1045 1104 aetatis
1075 1065 1206 1116 spatio
1237 1065 1326 1104 cum

660 1131 760 1168 meis

58 1198 218 1236 Grex-ere
242 1195 416 1246 bellum,
449 1197 568 1246 qudm
592 1195 649 1234 nil
677 1209 793 1247 quam
819 1196 869 1234 ob
894 1207 983 1233 rem
1002 1194 1045 1233 id
1070 1195 1215 1234 faciam
1241 1207 1324 1234 me-

658 1262 788 1300 ruisse
804 1261 1013 1299 arbitror?

56 1327 259 1366 Minume:
297 1326 392 1365 nolo
417 1328 568 1366 turbas.
601 1331 665 1365 set
688 1328 765 1365 hoc
789 1328 887 1364 mihi
913 1328 1119 1378 optumum
1137 1326 1248 1364 factu
1263 1329 1327 1365 ar-

659 1393 811 1430 bitror:

58 1457 141 1507 [Sic
165 1457 329 1496 faciam:
368 1455 616 1495 adsimulabo
645 1458 756 1508 quasi
783 1470 900 1508 quam
917 1456 1074 1510 culpam
1087 1458 1131 1496 in
1146 1469 1237 1496 sese
1257 1456 1327 1495 ad·

660 1527 874 1577 miserint]

56 1588 403 1641 Perplexabiliter
419 1602 556 1628 earum
574 1590 698 1629 hodie
712 1592 1038 1642 perpauefaciam
1054 1592 1242 1643 pectora:
1280 1596 1324 1631 85

56 1654 155 1692 Post
169 1654 212 1692 id
224 1656 348 1705 igitur
360 1654 509 1694 deinde
527 1660 570 1693 ut
581 1657 733 1694 animus
747 1657 858 1695 meus
873 1661 950 1707 est,
964 1656 1007 1695 id
1022 1657 1167 1695 faciam
1180 1655 1323 1708 palam.

55 1718 189 1758 Multa
211 1721 294 1758 scio
314 1719 504 1759 facismda
520 1722 665 1759 uerba:
694 1723 761 1760 ibo
780 1724 899 1761 intro.
932 1726 995 1760 set
1013 1725 1194 1774 apertast
1209 1722 1322 1760 foris.

56 1784 142 1823 PH.
174 1785 298 1823 Certo
329 1786 437 1823 enim
466 1786 564 1824 mihi
591 1787 787 1837 paternae
810 1788 924 1826 uocis
948 1788 1104 1825 sonitus
1129 1787 1236 1825 auris
1261 1788 1326 1824 ac-

660 1850 773 1892 cidit.

57 1914 138 1953 PA.
168 1903 206 1953 {s
228 1918 291 1953 est
316 1920 495 1954 ecastor:
524 1916 637 1955 ferre
661 1916 877 1956 aduorsum
899 1918 1053 1956 homini
1083 1919 1325 1969 occupemus

658 1983 875 2022 atisculum.

57 2045 141 2083 PH.
173 2043 317 2096 salue,
347 2047 400 2085 mi
425 2051 556 2098 pater.
609 2048 693 2088 AN.
726 2042 779 2086 Et
807 2062 880 2087 uos
905 2049 1055 2087 ambae.
1097 2047 1190 2087 ssico
1218 2049 1326 2099 agite

660 2114 883 2166 apsce'dite.
1282 2119 1326 2153 90

57 2176 142 2216 PH.
180 2176 411 2217 Ausculum.
469 2178 553 2218 AN.
586 2179 658 2218 Sat
685 2187 749 2218 est
778 2179 933 2219 aiisculi
963 2180 1017 2218 mi
1048 2180 1191 2220 nostri.
1236 2178 1323 2217 PH.

662 2245 754 2296 Qui,
773 2246 925 2295 amabo,
942 2245 1089 2297 pater?
