1511 2502
71 132 152 173 302
530 129 843 171 PLAVTI
1105 141 1339 178 11129—30

69 244 152 284 LV.
185 242 298 283 Tuae
315 244 380 283 rei
394 244 501 283 bene
519 242 736 283 consulere
754 245 884 296 cupio.
928 243 1010 282 LE.
1044 243 1137 282 Tun
1154 243 1240 282 mi's
1255 256 1339 282 me-

674 307 754 347 lior
772 321 890 359 quam
909 309 983 359 ego
1000 308 1130 346 mihi?
1271 312 1338 348 635

71 373 142 413 SAt
171 374 307 427 sapio,
336 375 435 414 satis
465 376 506 412 1¹11
531 387 619 413 rem
646 386 748 426 quae
774 375 856 412 sint
879 375 1009 412 meam
1033 386 1107 424 ego
1133 374 1338 425 conspicio

681 440 792 479 mihi.

74 502 157 544 LV.
189 491 253 542 Ᾱιι
276 503 321 543 id
344 509 409 544 est
432 517 591 558 sapere,
618 509 664 542 ut
682 506 750 555 qui
765 504 1007 542 beneficium
1026 517 1048 541 a
1062 501 1339 543 beneuolente

678 568 901 621 repudies?

70 635 154 675 LE.
185 633 353 674 Nullum
376 636 621 675 beneficium
645 635 735 674 esse
761 634 863 673 duco
882 634 939 685 id,
965 637 1085 686 quom
1102 635 1197 686 quoi
1214 634 1339 672 facias

677 702 758 738 non
777 698 925 751 placet.

71 765 164 804 Scio
192 777 266 816 ego
294 769 337 803 et
360 749 493 803 seniio
523 766 612 816 ipse
646 764 744 815 quid
771 776 883 814 agam
906 764 1040 814 neque
1064 775 1177 801 mens
1203 763 1338 802 officio

680 828 827 878 migrat

69 894 105 933 N
109 894 154 932 ec
171 893 252 932 tuis
268 891 456 946 depellar
474 891 594 931 dictis
613 894 708 944 quin
723 893 876 932 rumori
893 894 1079 931 se'ruiam.
1272 898 1340 932 640

66 961 154 1001 LV.
186 960 294 1011 Quid
314 961 402 999 ais?
431 973 523 999 nam
541 961 715 999 retine'ri
733 973 894 1012 nequeo
913 963 1009 1013 quin
1025 960 1156 999 dicam
1173 973 1220 999 ea
1236 972 1339 1012 quae

676 1029 910 1079 promeres:

69 1083 156 1131 itan
171 1091 339 1131 tandem
352 1093 457 1131 hanc
472 1093 646 1130 maiores
664 1092 810 1131 famam
824 1091 1085 1131 tradiderunt
1100 1093 1175 1130 tibi
1191 1092 1265 1141 tui,

67 1148 125 1215 <st
139 1158 294 1197 uirtute
310 1169 451 1195 eorum
467 1159 681 1209 anteperta
697 1158 771 1208 per
786 1159 982 1208 flagitium
1000 1156 1200 1208 perderes

69 1221 206 1273 Atque
226 1222 374 1260 honori
389 1223 648 1274 posterorum
663 1221 824 1261 tuorum
839 1227 884 1260 ut
902 1222 962 1272 [tu
978 1222 1111 1272 obiex]
1130 1221 1255 1259 fieres
1267 1220 1287 1257 ‘3

72 1288 170 1326 Tibi
184 1293 386 1339 paterque
405 1290 583 1340 auosque
600 1287 763 1327 facilem
778 1288 879 1326 fecit
896 1292 938 1326 et
952 1287 1114 1339 planam
1130 1288 1236 1325 uiam
1271 1291 1338 1325 645

75 1340 135 1390 Ad
159 1351 438 1403 quaerundum
462 1353 683 1391 honorem:
716 1358 760 1391 tu
783 1353 920 1391 fecisti
944 1357 989 1390 ut
1014 1351 1195 1390 difficilis
1213 1352 1337 1401 foret,

70 1415 202 1468 Culpa
217 1429 399 1455 maxume
418 1418 459 1455 et
475 1416 632 1456 desidia
647 1417 809 1468 tuisque
826 1416 961 1455 stultis
977 1418 1170 1455 moribus.

68 1480 371 1533 Pra60ptauisti
397 1484 575 1521 amorem
591 1487 703 1520 tuum
723 1482 799 1533 [tu]
819 1483 962 1520 uirtuti
979 1487 1022 1520 ut
1037 1483 1337 1533 praeponeres:

66 1546 183 1585 Niinc
207 1550 249 1585 te
273 1547 352 1585 hoc
375 1550 494 1598 pacto
523 1546 658 1585 credis
683 1559 804 1597 posse
829 1548 1026 1597 optegere
1052 1546 1217 1584 errata?
1248 1546 1336 1595 aha,

675 1615 756 1650 non
774 1613 882 1652 itast.

69 1679 179 1730 cape
204 1678 259 1716 sis
282 1678 480 1716 uirtutem
503 1678 634 1715 animo
661 1682 704 1715 et
719 1676 844 1715 corde
861 1675 1022 1728 expe'lle
1039 1675 1236 1714 desidiam
1253 1681 1334 1716 tuo.

67 1733 112 1782 fn
140 1743 231 1781 foro
262 1754 429 1794 operam
460 1742 597 1780 amicis
629 1741 699 1791 da,
730 1754 781 1779 ne
811 1742 854 1779 in
875 1740 986 1779 lecto
1007 1742 1179 1791 amicae,
1208 1746 1252 1779 ut
1271 1743 1337 1779 sd-

674 1806 772 1845 litus
789 1819 844 1845 es.
1268 1811 1334 1846 651

69 1861 205 1924 Atque
229 1873 352 1911 istum
377 1884 452 1923 ego
478 1885 616 1923 agrum
639 1873 714 1911 tibi
738 1871 916 1922 relinqui
942 1872 992 1909 ob
1014 1870 1100 1910 eam
1117 1884 1204 1909 rem
1223 1871 1332 1921 [iam]

673 1938 791 1975 enixe
808 1938 969 1988 expeto,

74 1994 124 2042 (st
143 2004 219 2042 tibi
235 2005 289 2042 sit
306 2004 375 2055 qui
390 2004 433 2043 te
450 2004 665 2054 conrigere
680 2003 831 2055 possis:
862 2015 914 2040 ne
931 2002 1091 2040 omnino
1109 2002 1285 2052 inopiam

68 2071 191 2109 Ciues
209 2070 417 2109 obiectare
432 2070 592 2122 possint
607 2069 698 2119 tibi,
717 2081 816 2119 quos
833 2073 876 2106 tu
892 2068 1077 2106 inimicos
1093 2067 1233 2105 habes.

66 2134 146 2176 LE.
181 2125 325 2173 Omnia
354 2145 430 2185 ego
458 2134 586 2172 istaec
616 2133 719 2184 quae
747 2138 792 2170 tu
818 2132 918 2171 dixti
943 2134 1048 2182 scio,
1080 2129 1148 2169 uel
1172 2130 1334 2181 exigna-

669 2211 789 2237 uero:
1265 2201 1334 2235 655

72 2254 122 2302 <rt
143 2275 230 2302 rem
245 2264 418 2315 patriam
436 2268 477 2302 et
493 2262 661 2315 gloriam
677 2264 872 2301 maiorum
888 2261 1087 2300 foedarim
1103 2272 1248 2299 meum.
