1511 2502
45 133 362 168 1111101-v12
421 123 930 163 BACCHIDEs.
1236 125 1315 167 107

442 467 752 528 AchS
825 467 910 529 vl.

426 611 929 651 Pnlzoxssmvs.

45 716 170 766 Quam
187 715 312 765 mzigis
331 714 374 752 in
390 716 561 766 pectore
578 713 669 753 meo
685 714 828 764 foueo,
860 727 956 765 quas
973 716 1085 753 meus
1101 714 1208 754 filius
1228 720 1315 753 tur-

648 781 720 818 bais
737 780 890 830 turbet,

101 847 227 895 Quam
243 846 288 884 se'
305 844 355 884 ad
370 846 495 884 uitam
512 849 553 884 et
571 858 670 896 quos
689 844 739 883 aid
755 857 890 883 mores
905 846 1176 897 praecipitem
1191 846 1315 883 insci-

649 915 714 949 tus
732 910 937 962 capessat:

45 977 175 1029 Magis
208 978 370 1016 miraest
400 978 607 1028 magisque
637 975 889 1027 adfdrmido,
921 989 973 1015 ne
1003 977 1037 1014 is
1067 977 1211 1029 pereat
1235 990 1315 1016 neu

651 1042 953 1094 conriimpatur.

102 1107 214 1146 Scio:
245 1107 306 1145 fni
332 1119 406 1158 ego
430 1106 501 1146 illa
526 1111 660 1146 aetate
685 1108 726 1145 et
749 1107 832 1145 feci
851 1105 924 1145 illa
941 1109 1094 1158 omnia,
1123 1111 1187 1146 set
1202 1120 1315 1146 more

641 1173 839 1213 mode'sto.

47 1238 147 1278 Duxi
171 1240 292 1278 hzibui
319 1243 499 1278 scortum
522 1241 662 1292 potaui
687 1238 755 1278 edi
772 1239 940 1278 donaui:
969 1243 1009 1277 at
1026 1240 1134 1278 enim
1151 1237 1194 1277 id
1210 1251 1309 1279 rar-0.

101 1304 242 1355 Neque
265 1304 463 1357 placitant
486 1317 622 1344 mores
641 1307 784 1356 quibus
801 1304 922 1344 uideo
939 1306 1069 1357 gnatis
1086 1303 1207 1355 uolgo
1226 1316 1316 1342 esse

651 1370 847 1422 parentis.
1229 1374 1313 1409 1081

46 1435 131 1485 Ego
165 1433 262 1472 daire
293 1432 432 1472 ludum
464 1439 584 1485 gnato
614 1435 796 1485 institui,
842 1435 973 1473 animo
1005 1434 1244 1486 opsequium
1274 1440 1318 1471 ut

650 1501 811 1538 sumere
826 1501 978 1552 possit:

103 1565 285 1615 Aequom
318 1565 408 1604 e‘sse
439 1569 560 1617 puto:
601 1569 665 1603 set
695 1566 815 1603 nimis
845 1564 942 1603 nolo
974 1563 1168 1603 desidiae.
1212 1577 1308 1602 nun«

648 1628 953 1669 Mnesilochum

47 1694 163 1746 Quod
185 1694 372 1734 mondaui
396 1696 506 1733 uisso
535 1695 682 1746 ecquid
707 1708 799 1735 eum
826 1696 911 1747 [mi]
939 1695 989 1734 ad
1010 1697 1171 1747 frogem
1192 1709 1318 1748 opera

649 1774 720 1800 sua
736 1761 992 1813 conpulerit:
1227 1765 1312 1800 1085

103 1825 216 1865 Sict'lt
227 1838 332 1877 eum,
346 1827 381 1864 si
392 1827 599 1878 conuenit,
613 1828 697 1865 scio
709 1827 879 1866 fecisse:
901 1840 949 1866 eo
960 1827 1126 1878 ingenio
1139 1828 1316 1877 gnatust.

318 2042 624 2082 N1c013vas.
684 2043 1030 2081 Pumoxfflvs.

102 2140 165 2180 Nl.
185 2142 466 2193 Quiququue
486 2142 585 2194 [ubi]
606 2144 754 2194 ubique
771 2148 878 2194 sunt,
897 2145 964 2194 qui
979 2144 1148 2182 fuerunt
1167 2142 1317 2194 quique

647 2211 776 2249 futuri
792 2214 885 2249 sunt
902 2211 1073 2262 posthac

103 2271 230 2312 Stulti
246 2273 386 2313 stolidi
402 2275 505 2313 fatui
520 2275 633 2325 fungi
650 2275 768 2313 bardi
785 2274 926 2313 blenni
941 2275 1161 2324 buccdnes,
