1511 2502
197 101 279 142 226

418 220 577 263 METRA
601 219 739 263 flvlvs
764 220 968 264 FABVLAE
991 221 1106 265 HAEC
1131 221 1244 266 SVN'!¹

197 317 236 346 V.
330 305 349 347 1
376 314 420 346 ad
446 311 512 346 132
537 313 673 345 iambici
695 313 819 344 senarii

220 391 232 395 -
284 367 350 402 133
377 369 420 401 ad
445 367 511 401 137
536 367 695 400 trochaici
722 369 882 400 octonarii

221 445 233 449 -
284 423 352 458 138
377 430 409 457 et
435 423 502 457 140
524 424 684 457 trochaici
709 425 889 466 septenarii

220 499 234 505 —
284 477 351 513 139
376 480 564 512 trochaicus
589 480 729 512 dimeter
749 479 958 512 catalecticus

220 555 233 560 -
283 533 348 568 141
374 535 542 567 trochaica
568 535 714 577 tripodia
739 534 918 567 acatalecta

220 611 234 617 -
284 589 350 624 142
376 591 419 622 ad
444 588 508 622 145
537 590 695 622 trochaici
721 591 880 622 octonarii

220 667 233 672 —
284 645 349 680 146
372 646 560 678 trochaicus
586 646 794 687 septenarius

219 722 233 727 -
284 699 348 734 147
375 701 419 733 ad
443 699 508 733 153
531 701 665 732 iambici
690 700 849 731 octonarii

218 776 231 781 -
283 755 350 789 154
374 756 417 788 ad
440 755 507 789 156
531 756 666 787 iambici
691 756 873 797 septenarii

221 833 233 837 -
285 811 351 846 157
377 818 407 844 et
434 810 500 844 158
526 811 661 844 iambici
687 812 849 843 octonarii

221 888 235 893 -
287 867 352 901 159
378 874 410 899 et
436 866 503 900 160
530 867 667 898 iambici
689 867 869 908 septenarii

220 944 233 949 -
285 922 349 957 161
377 924 420 955 ad
446 921 513 957 168
535 922 694 955 trochaici
720 923 880 953 octonarii

219 999 233 1005 —
283 978 347 1013 169
373 979 416 1010 ad
442 976 506 1011 171
533 978 667 1009 iambici
694 978 850 1009 octonarii

220 1055 232 1059 —
282 1033 348 1068 172
375 1034 536 1066 iambicus
563 1033 772 1075 septenarius

218 1110 231 1115 -
283 1087 348 1123 173
374 1090 417 1121 ad
444 1087 508 1122 181
535 1089 692 1121 trochaici
717 1090 874 1120 octonarii

218 1167 230 1170 -
282 1144 348 1178 182
373 1145 559 1177 trochaicus
585 1146 793 1186 septenarius

219 1220 230 1222 -
284 1199 349 1234 183
375 1206 406 1232 ct
434 1198 499 1233 184
523 1199 684 1232 trochaici
708 1200 868 1231 octonarii

218 1273 232 1277 -
283 1254 348 1289 185
375 1261 407 1286 et
432 1253 498 1288 186
522 1254 656 1286 iambici
684 1254 843 1285 octonarii

220 1329 234 1334 -
284 1308 348 1343 187
376 1310 539 1342 iambicus
566 1310 706 1341 dimeter
730 1308 939 1340 catalecticus

221 1386 232 1388 ν·
284 1364 350 1399 188
376 1365 418 1397 ad
446 1363 512 1398 193
538 1365 670 1397 iambici
697 1365 854 1396 octonarii

222 1438 234 1441 -
285 1419 350 1454 194
376 1419 564 1452 trochaicus
591 1420 780 1452 octonarius

222 1496 232 1500 -
282 1475 347 1509 195
374 1481 405 1507 et
433 1474 498 1509 196
523 1475 683 1507 trochaici
708 1475 888 1517 septenarii

221 1552 231 1556 -
285 1529 349 1564 197
377 1537 407 1561 ct
436 1529 502 1562 198
528 1531 688 1562 trochaici
713 1531 875 1562 octonarii

221 1608 231 1612 -
280 1585 345 1620 199
372 1592 403 1617 et
430 1585 497 1618 200
522 1586 681 1617 trochaici
708 1587 884 1627 septenarii

218 1662 232 1667 -
279 1641 344 1674 201
371 1639 439 1673 203
463 1638 531 1674 206
557 1640 715 1672 trochaici
741 1641 901 1672 octonarii

219 1718 230 1722 -
280 1696 347 1730 202
373 1695 443 1730 204
465 1695 531 1729 205
557 1696 715 1728 trochaici
747 1696 925 1738 septenarii

218 1773 231 1778 -
282 1750 349 1785 208
374 1752 536 1784 iambicus
563 1752 751 1783 octonarius

221 1829 231 1833 —
279 1807 348 1842 209
375 1814 406 1840 et
431 1807 499 1840 210
526 1807 684 1839 trochaici
711 1808 871 1839 octonarii

219 1884 232 1890 -
280 1864 346 1897 211
373 1864 416 1896 ad
442 1862 509 1896 213
535 1863 694 1895 trochaici
721 1863 849 1894 dimetri
877 1861 1060 1894 catalectici

218 1938 231 1943 -
279 1917 347 1951 214
372 1918 560 1951 trochaicus
585 1919 793 1960 septenarius

218 1994 230 1998 -
279 1974 347 2007 215
376 1975 564 2007 trochaicus
591 1975 780 2005 octonarius

220 2049 230 2053 -
280 2029 347 2063 216
374 2035 405 2062 et
429 2028 498 2064 217
522 2029 680 2061 trochaici
708 2029 838 2061 dimetri
864 2029 1041 2061 catalectici

222 2105 230 2110 -
278 2083 346 2118 218
370 2084 437 2118 219
463 2084 529 2118 221
556 2084 715 2117 trochaici
742 2085 901 2116 octonarii

217 2160 229 2166 -
277 2140 346 2173 220
371 2140 559 2172 trochaicus
584 2140 793 2182 septenarius

216 2215 229 2219 -
279 2194 346 2227 222
372 2202 402 2227 ct
428 2194 497 2228 224
522 2195 683 2227 trochaici
710 2195 841 2227 dimetri
865 2192 1046 2226 catatonum

214 2270 229 2276 -
278 2249 344 2284 223
370 2257 400 2283 et
426 2251 493 2284 225
520 2251 677 2283 trochaici
704 2251 863 2283 octonarii
