1511 2502
111 138 341 175 s259—87
532 125 955 166 TRINVMMVS.
1299 124 1382 166 279

166 242 210 281 Si
226 241 270 280 id
285 242 368 280 non
382 252 447 279 me
464 251 640 288 accusas,
665 239 754 276 tiitc
771 237 1068 288 obiurgandsss.
1115 239 1209 278 ME.
1243 239 1336 278 Scio

160 308 216 348 Et
231 309 334 347 istac
349 308 429 346 huc
445 318 564 345 causa
579 303 630 343 ad
645 308 687 342 te
703 303 873 341 adueni:
901 316 1072 355 aequom
1087 303 1280 356 postulas.

162 375 245 414 CA.
276 374 460 426 Expecto
481 369 616 422 siquid
633 368 755 408 dicas.
786 369 879 408 ME.
906 369 1182 408 Primumdum
1199 371 1377 411 omnium

161 438 275 478 Male
291 439 501 478 dictitatur
516 437 593 475 tibi
607 434 727 486 uolgo
744 436 785 474 in
800 437 1067 474 sermonibus.

159 501 589 557 Turpssucricupidum
603 502 647 540 te
665 505 813 540 uocant
829 502 938 540 ciues
955 502 1034 540 tui:
1311 508 1378 543 100

160 570 266 608 Tum
282 569 416 608 autem
432 571 527 608 sunt
542 565 611 606 alii
627 569 697 618 qui
714 572 755 605 te
772 565 993 605 uolturisnn
1011 571 1177 604 uocant:

157 635 354 674 Hostisne
372 648 421 674 an
437 635 537 673 ciuis
556 632 735 672 comedis
751 633 868 684 parui
885 632 1082 684 pe'ndere.

156 702 270 740 Haec
286 713 408 752 quom
423 699 541 738 audio
557 700 600 738 in
617 703 659 737 te
678 698 772 748 dici,
790 697 1015 737 discrucior
1032 699 1168 737 miser.

159 767 242 805 CA.
271 766 348 805 Est
363 768 485 817 aitque
500 777 583 803 non
599 768 663 803 est
678 764 777 802 mihi
793 764 836 802 in
852 777 983 811 manu,
1000 764 1315 815 Megaronides:

156 832 262 880 Quin
281 830 432 881 dicant,
449 843 530 868 non
548 834 634 868 est:
664 830 811 867 merito
829 834 874 868 ut
889 842 940 867 ne
959 829 1109 880 dicam,
1124 829 1167 868 id
1184 836 1258 869 est.
1305 837 1372 871 105

154 897 249 934 ME.
278 895 428 933 Fuitne
451 895 519 933 hic
543 896 620 934 tibi
644 896 793 933 amicus
812 895 1083 934 Charmides?
1127 896 1208 935 CA.
1239 895 1315 935 Est
1329 896 1371 936 ἐι

707 961 798 1000 fuit.

152 1025 198 1065 Id
212 1027 269 1064 ita
285 1025 375 1064 esse
392 1029 437 1063 ut
452 1023 610 1075 credas,
626 1026 715 1064 rem
731 1027 808 1064 tibi
825 1028 1031 1065 auctorem
1049 1025 1165 1067 dabo.

150 1092 252 1131 Nam
266 1092 480 1143 postquam
495 1091 562 1129 hic
581 1092 667 1130 eius
685 1093 772 1130 re'm
788 1092 994 1143 confregit
1007 1092 1122 1131 fflius

153 1157 363 1209 Videtque
379 1157 470 1208 ipse
487 1155 538 1195 ad
553 1157 792 1209 pauperiem
807 1162 1061 1209 protractum
1078 1160 1168 1197 esse
1186 1171 1229 1198 se

151 1223 354 1274 Suamque
369 1222 491 1261 filiam
510 1222 600 1261 esse
617 1221 794 1261 adultam
809 1224 1024 1274 uirginem,
1303 1230 1372 1266 110

150 1288 290 1329 Semul
306 1289 392 1326 eius
411 1292 582 1326 matrem
601 1287 792 1339 suamque
809 1301 978 1327 uxorem
993 1290 1212 1328 mortuam:

149 1355 349 1404 Quoniam
364 1354 459 1391 hinc
474 1355 625 1391 iturust
641 1355 751 1405 ipsus
767 1355 810 1391 iu
827 1352 1071 1405 Seleuciam,

150 1420 257 1458 Mihi
274 1417 561 1457 conmendauit
575 1420 775 1470 uirginem
794 1422 954 1470 gnatam
972 1433 1083 1458 suam

148 1485 202 1523 Et
218 1485 304 1522 rem
323 1497 433 1522 suam
451 1496 611 1522 omnem
628 1489 670 1522 ct
686 1483 804 1522 illum
820 1490 1098 1537 corrumptum
1112 1484 1256 1525 fflium.

148 1550 276 1600 Ilaec,
293 1552 327 1587 si
342 1550 397 1587 mi
412 1550 599 1588 inimicus
615 1550 739 1601 esset,
757 1550 881 1588 credo
898 1551 998 1589 haut
1015 1549 1219 1590 crederet.
1299 1556 1366 1591 115

147 1616 241 1655 ΜΕ.
274 1614 381 1664 Quid
403 1615 478 1652 tu?
511 1614 816 1654 adulescentem
835 1617 954 1667 que'm
979 1628 1069 1655 esse
1087 1618 1368 1670 corrumpti'un

703 1680 835 1732 uides,

150 1748 229 1797 Qui
246 1745 338 1785 tuae
354 1745 565 1784 mandatus
585 1747 647 1785 e'st
662 1745 744 1785 fide
761 1752 803 1786 et
820 1747 1009 1799 fiduciae,

150 1812 257 1861 Quin
274 1810 365 1851 eum
379 1811 595 1850 restituis?
626 1815 723 1863 quin
739 1812 789 1851 ad
806 1813 968 1864 frugem
987 1812 1196 1864 cdnrigis?

145 1876 196 1915 Ei
211 1877 275 1915 rei
290 1877 457 1928 operam
472 1875 570 1914 dare
585 1880 629 1915 te
644 1877 782 1916 fuerat
798 1876 1004 1929 aliquanto
1024 1879 1205 1930 aequius,

146 1940 262 1992 siqui
285 1941 522 1993 probiorem
540 1941 677 1980 facere
692 1956 849 1994 posses,
866 1945 949 1982 non
963 1945 1024 1982 uti
1296 1949 1364 1984 120

146 2006 192 2044 In
209 2005 380 2045 eandem
396 2011 483 2045 tute
500 2006 720 2047 accederes
735 2009 941 2047 infamiam

146 2071 385 2123 Maliimque
398 2076 444 2110 ut
459 2073 546 2110 eius
563 2075 653 2112 cuim
668 2078 738 2113 tuo
755 2075 949 2114 misceres
966 2074 1081 2113 malo.

147 2137 231 2176 CA.
263 2137 369 2186 Quid
385 2137 495 2175 feci?
536 2139 629 2178 ME.
660 2140 778 2189 Quod
794 2141 913 2179 homo
929 2142 1115 2192 nequam.
1162 2141 1244 2180 CA.
1271 2141 1360 2180 Non

698 2206 805 2243 istnc
822 2211 1006 2245 meumst.

145 2267 239 2306 ME.
264 2267 439 2306 Emistin
455 2267 505 2307 de
524 2268 786 2309 adulescente
802 2272 924 2310 hasce
942 2271 1084 2310 aedis?
1107 2273 1205 2324 quid
1219 2273 1360 2312 taces?
