1511 2502
181 138 235 178 60
664 135 977 175 PLAVTI
1233 142 1451 181 1149-67

180 248 313 288 Locus
338 249 405 287 hic
421 252 517 301 aput
535 261 623 299 nos,
651 249 831 300 quamuis
848 248 980 286 subito
997 248 1150 300 uenias,
1167 261 1330 302 semper
1343 247 1453 288 liber

788 316 861 350 est.

186 369 263 417 Vbi
278 382 322 416 tu
336 376 478 430 lepide
494 376 609 415 uoles
627 389 717 415 esse
734 377 823 427 tibi,
841 377 945 414 ‘mea
960 379 1067 415 rosa’
1084 377 1184 415 mihi
1200 376 1323 416 dicito

183 445 302 483 <mito
321 445 390 496 qui
404 445 511 483 bene
528 444 618 482 sit’:
651 443 725 494 ego
741 443 810 481 ubi
826 444 932 481 bene
949 444 1002 482 sit
1024 444 1098 482 tibi
1112 442 1248 482 locum
1268 441 1452 496 lepidum

788 507 904 547 dabo.

182 574 244 614 Pl.
281 573 461 627 Rapidus
491 573 638 612 fluuius
668 574 732 611 est
763 574 850 611 hic:
888 585 971 611 non
1000 574 1074 612 hac
1103 574 1260 612 temere
1287 574 1455 612 transiri

784 643 934 689 potest.
1408 644 1454 679 85

180 704 264 749 BA.
297 692 433 755 Atque
458 707 618 742 ecastor
649 706 745 755 &put
773 704 881 741 hunc
904 704 1072 743 fluuium
1094 704 1248 756 aliquid
1273 703 1455 758 perdun-

787 766 920 805 dumst
935 769 1031 806 tibi:

183 832 349 873 Manum
366 831 416 871 da
433 837 476 871 et
491 845 679 884 sequere.
722 833 784 871 ΡΙ.
820 833 884 870 Ah
900 835 1087 871 minume.
1130 833 1213 872 BA.
1245 833 1353 883 Quid
1367 834 1454 872 ita?

788 898 851 937 ΡΙ.
883 898 985 947 Quia
999 899 1103 936 istoc
1119 897 1417 937 inlecebrdsius

185 963 296 1003 Fieri
311 961 370 1000 nil
385 963 536 1014 potest,
554 975 633 1001 nox
648 961 796 1001 mulier
812 966 949 1001 uinum
966 963 1120 1001 homini
1134 962 1453 1003 adulescentulo.

184 1028 265 1067 BA.
299 1016 386 1078 Age
417 1029 563 1078 igitur:
604 1027 795 1079 equidem
821 1027 892 1081 pol
921 1028 1040 1067 nihili
1068 1029 1174 1067 facio
1203 1030 1283 1067 nisi
1318 1031 1454 1067 caussa

788 1100 868 1133 tua.

183 1151 257 1199 ille
290 1160 454 1210 quidem
487 1162 590 1200 hanc
621 1160 816 1199 abducet:
851 1159 985 1199 nullus
1015 1164 1059 1198 tu
1083 1159 1284 1208 adfueris,
1314 1162 1347 1199 si
1375 1162 1454 1200 ndn

789 1226 917 1265 iubet.
1411 1231 1456 1266 90

184 1292 244 1330 ΡΙ.
279 1291 430 1331 Sumne
455 1297 590 1331 autem
613 1291 735 1330 nihili
760 1293 828 1343 qui
852 1304 1053 1343 nequeam
1069 1291 1233 1344 ingenio
1250 1290 1457 1330 moderari

786 1358 907 1396 meo?

182 1424 265 1464 BA.
298 1424 404 1474 Quid
425 1424 613 1476 estquod
630 1425 816 1464 metuas?
867 1425 926 1463 ΡΙ.
956 1422 1069 1462 Nihil
1086 1428 1169 1463 est:
1199 1436 1341 1475 nugae.
1370 1424 1457 1463 mu-

786 1494 879 1540 lier,
904 1491 979 1528 tibi
994 1502 1058 1528 me
1077 1492 1321 1541 emdncupo:

184 1552 298 1591 T1'1us
325 1565 433 1604 sum,
462 1555 538 1592 tibi
556 1554 662 1592 dedo
685 1557 861 1607 operam.
906 1556 987 1594 BA.
1018 1554 1223 1606 Lepidu's.
1255 1554 1362 1592 nunc
1380 1565 1455 1604 ego

789 1625 831 1658 te
847 1620 985 1658 facere
1002 1620 1080 1657 hoc
1095 1619 1209 1657 uolo:

183 1672 270 1734 Ego
287 1684 421 1722 sorori
437 1682 552 1723 meae
569 1696 709 1722 cenam
724 1684 848 1722 hodie
867 1683 964 1722 dere
981 1684 1073 1723 uolo
1091 1685 1299 1722 uidticam:

182 1736 243 1788 Eo
259 1748 336 1787 tibi
352 1749 565 1799 argentum
580 1750 728 1787 iubebo
746 1751 823 1788 idm
838 1751 947 1787 intus
965 1749 1117 1787 ecferri
1132 1750 1256 1800 foras,
1411 1753 1454 1787 95

185 1816 250 1856 Τιί
265 1817 390 1854 facito
408 1818 645 1868 opsonatum
660 1818 777 1855 nobis
795 1819 847 1855 sit
864 1816 1102 1868 opulentum
1119 1816 1343 1867 opsonium.

182 1884 245 1922 ΡΙ.
275 1873 362 1935 Ego
380 1885 606 1935 opsonabo:
638 1886 728 1922 naim
746 1883 788 1921 id
804 1884 1000 1934 flagitium
1017 1884 1081 1933 sit,
1099 1894 1188 1920 mea
1203 1886 1246 1919 te
1262 1881 1391 1931 gratia

184 1939 237 1987 Fit
253 1961 420 2001 operam
436 1947 534 1986 dare
550 1950 604 1987 mi
622 1950 663 1987 et
679 1948 730 1987 ad
746 1961 832 1986 eam
850 1961 1016 2000 operam
1031 1949 1170 1987 fucere
1186 1950 1388 1999 sumptum
1405 1944 1455 1983 de

788 2020 867 2052 tuo.

183 2080 265 2119 BA.
299 2068 353 2118 At
370 2092 444 2131 ego
461 2079 557 2118 nolo
575 2079 672 2118 dare
688 2084 730 2118 te
748 2081 972 2131 quicquam.
1017 2080 1079 2119 ΡΙ.
1113 2079 1222 2118 Sine.
1253 2079 1335 2117 BA.
1357 2077 1454 2117 Sino

789 2146 993 2196 equidem,
1010 2148 1044 2184 si
1058 2144 1184 2183 lubet.

183 2210 367 2262 Propera
397 2211 548 2249 amabo.
596 2210 658 2249 ΡΙ.
689 2211 808 2249 Prius
839 2212 906 2249 hic
938 2210 1062 2249 adero
1092 2212 1209 2261 qufim
1238 2213 1281 2248 te
1320 2219 1454 2247 amare

790 2276 982 2315 desinam.
1388 2279 1455 2312 100
