1511 2502
86 260 335 295 21252—71
508 245 931 287 TRINVMMVS.
1273 247 1355 288 289

85 364 168 404 LV.
207 363 318 402 Nihil
339 364 520 402 istorum.
565 361 651 400 PH.
685 360 793 410 Quid
816 359 972 411 igitur?
1010 359 1095 400 LV.
1123 359 1206 397 Per
1231 359 1355 398 cdmi·

693 430 820 465 tatem
836 424 1000 478 edep61‚
1019 430 1159 478 pater:

86 495 309 534 Praeterea
324 493 573 545 aliquantum
588 492 710 530 animi
726 504 844 530 causa
859 492 902 529 in
918 490 1079 530 deliciis
1093 489 1352 543 disperdidit.

86 562 172 601 PH.
208 553 369 615 Edepol
404 562 611 600 hominem
648 558 928 612 praedicatum
958 560 1081 599 firme
1111 564 1154 598 et
1182 558 1356 598 familia-

687 626 804 675 riter,
1286 629 1353 664 335

86 692 167 742 Qui
191 691 355 744 quidem
378 704 576 742 nusquam
598 693 674 743 per
695 691 890 729 uirtutem
906 691 994 728 rem
1011 689 1216 740 confregit
1232 692 1354 740 atque

692 760 798 806 eget

84 821 152 861 Nss
176 835 313 861 moror
336 835 428 861 eum
452 823 527 861 tibi
552 834 643 861 esse
666 822 836 860 amicum
863 834 953 859 cum
978 819 1065 860 eius
1090 820 1201 859 modi
1220 821 1352 858 uirtu-

695 889 814 926 tibus.

84 952 169 993 LV.
204 953 306 1002 Quia
330 954 419 992 sine
446 955 553 992 omni
578 952 794 1003 malitiast,
822 952 1003 992 tolerare
1024 956 1250 1004 egestatem
1268 951 1355 992 eius

689 1017 799 1057 uolo.

84 1083 169 1122 PH.
203 1083 263 1121 De
291 1082 479 1122 mendjco
500 1082 606 1122 male
631 1088 814 1121 meretur
834 1084 902 1134 qui
919 1081 958 1122 ei
974 1083 1043 1122 dat
1061 1082 1170 1135 quod
1186 1083 1273 1122 edit
1290 1084 1357 1122 alit

693 1150 826 1187 bibat:

85 1212 184 1252 Nam
200 1213 242 1251 et
256 1210 351 1251 illut
367 1212 475 1264 quod
492 1212 560 1252 dat
575 1212 714 1265 perdit
730 1217 773 1251 et
787 1211 849 1251 illi
867 1211 1007 1264 prddit
1022 1214 1148 1252 uitam
1165 1213 1214 1252 ad
1232 1216 1347 1252 mise-

690 1280 803 1317 riam.
1288 1284 1356 1319 340

85 1344 175 1384 Nan
198 1357 247 1383 eo
272 1345 373 1384 haec
399 1344 513 1396 dico,
545 1347 642 1396 quin
664 1357 767 1396 quae
783 1349 827 1383 tu
842 1345 904 1383 uis
924 1345 997 1395 ego
1014 1344 1138 1383 uelim
1154 1349 1195 1383 et
1212 1345 1354 1384 faciam

692 1410 857 1449 lubens:

85 1475 158 1515 set
181 1488 256 1527 ego
281 1475 358 1513 hoc
382 1477 553 1514 uerbum
579 1477 700 1527 qudm
715 1475 776 1513 illi
793 1474 982 1526 quoidam
999 1474 1112 1526 dico,
1139 1488 1354 1527 praemon-

693 1542 778 1579 strd
795 1541 884 1591 tibi,

86 1596 142 1644 Vt
156 1606 213 1644 ita
227 1609 270 1643 te
287 1603 461 1644 aliorum
475 1606 728 1656 miserescat,
743 1605 796 1643 ne
811 1606 864 1643 tis
880 1603 981 1643 alios
996 1607 1200 1644 misereat.

82 1669 166 1710 LV.
195 1670 401 1708 Deserere
417 1669 531 1709 iHum
547 1675 589 1709 et
604 1670 798 1709 deiuuare
813 1670 855 1707 in
870 1671 993 1709 rebus
1011 1669 1195 1709 aduorsis
1211 1670 1352 1722 pudet.

83 1734 168 1774 PH.
197 1735 274 1774 ΡόΙ
290 1735 447 1788 pudere
465 1740 582 1788 quam
599 1738 743 1789 pigere
759 1736 942 1788 praestat
957 1736 1131 1775 totidem
1144 1735 1293 1776 literis.

85 1799 167 1840 LV.
207 1790 369 1853 Edepol
393 1800 513 1840 deum
536 1804 690 1841 uirtute
715 1801 860 1852 dicam,
883 1804 1015 1854 pater,
1041 1806 1084 1840 et
1099 1802 1296 1841 maiorum
1314 1803 1355 1841 et

691 1872 760 1905 tua
1287 1871 1354 1906 346

84 1928 218 1967 Multa
241 1932 347 1969 bona
368 1933 474 1970 bene
490 1935 605 1984 parta
621 1933 837 1971 habemus:
867 1933 974 1970 bene
990 1933 1022 1970 si
1041 1933 1168 1970 amico
1185 1932 1353 1982 fe'ceris,

84 1993 146 2031 Ne
162 1995 299 2045 pigeat
313 1996 485 2036 fecisse:
514 2002 559 2036 at
572 1999 708 2050 potius
724 1997 892 2049 pudeat,
909 1998 943 2036 si
958 2010 1042 2035 non
1059 1997 1221 2035 feceris.

86 2059 171 2099 PH.
204 2060 264 2098 De
288 2065 439 2114 magnis
457 2064 608 2104 djuitiis
625 2064 761 2116 siquid
777 2064 927 2115 demas,
953 2063 1045 2116 plus
1060 2065 1108 2102 fit
1124 2067 1173 2102 an
1189 2066 1320 2104 minus
1333 2066 1353 2103 ‘3

85 2123 169 2163 LV.
210 2125 362 2176 Minus,
391 2133 529 2178 pater:
561 2134 624 2168 set
652 2131 733 2168 ciui
761 2130 941 2168 inmoeni
967 2131 1052 2167 scin
1080 2129 1178 2180 quid
1197 2131 1352 2168 cantari

690 2194 826 2234 solet?
1284 2202 1352 2236 350

85 2251 203 2302 Qudd
232 2253 358 2292 habes
382 2267 434 2294 ne
458 2257 607 2296 habeas
632 2263 674 2297 et
693 2273 800 2298 nunc
827 2259 936 2311 quod
959 2262 1041 2299 ndn
1056 2261 1182 2299 habes
1199 2261 1350 2299 habeas

689 2323 827 2374 uelim,

84 2380 252 2429 Quando
272 2383 436 2432 quidem
451 2397 527 2423 nec
543 2387 617 2425 tibi
634 2388 739 2427 bene
757 2401 847 2427 esse
863 2391 959 2440 po'te
970 2390 1056 2440 pati
1068 2401 1202 2439 neque
1213 2388 1347 2429 alteri.

140 2446 326 2485 mervs
358 2448 384 2487 Ι.
1033 2459 1075 2493 19
