1511 2502
161 108 241 148 258
645 106 673 144 P
701 106 729 145 L
757 106 792 145 A
818 107 852 145 V
881 106 909 145 T
937 106 953 145 l
1170 121 1229 152 ΠΗ
1255 121 1273 153 1
1300 119 1436 156 17—35

161 210 306 257 ltidem
323 219 440 257 amici
457 216 755 257 conlabascunt.
788 219 856 257 re's
873 220 1021 258 amicos
1037 221 1207 261 inuenit.

160 285 241 324 ΕΡ.
273 285 353 323 lam
369 283 509 324 redeo,
543 284 706 322 nimiast
721 282 924 335 uoluptas,
947 287 982 323 s1'
997 283 1067 323 diu
1082 285 1235 324 afueris
1253 284 1386 337 domo,

160 351 329 389 >Domum
355 351 424 389 ubi
449 349 647 400 redieris,
689 350 722 387 si
747 350 823 387 tibi
845 348 955 388 nulla
983 349 1195 401 aegritudo
1224 352 1353 389 animo
1380 353 1431 390 ob

767 416 922 453 uiamst.
1363 422 1431 456 524

160 482 258 519 Nam
283 484 337 520 ita
359 493 423 520 me
441 485 610 533 apsente
625 479 868 519 familiarem
884 493 971 519 rem
988 482 1088 520 uxor
1105 482 1261 520 curauit
1278 493 1428 521 meam:

161 549 347 586 Omnium
363 560 427 585 me
447 547 594 586 exilem
609 549 730 596 atque
745 546 906 584 inanem
921 546 1023 584 fecit
1040 546 1351 598 aegritudinum.
1402 596 1404 598 Ι

159 614 231 652 Se't
257 626 396 651 eccum
412 613 583 650 fratrem
598 610 854 662 Pamphilum
875 611 1059 662 [meumlz
1088 611 1244 650 incedit
1260 626 1347 652 oum
1364 626 1429 652 so-

765 678 860 713 cero
878 689 961 714 suo.

157 745 238 782 ΡΑ.
273 741 379 792 Quid
396 743 541 792 agitur,
559 741 643 791 [mi]
661 742 949 793 †Ep1'gnome‘.²
979 742 1059 781 ΕΡ.
1085 742 1191 792 Quid
1206 744 1280 782 tu?
1310 747 1427 795 quam

766 806 915 845 dudum
931 807 973 844 in
988 808 1152 859 portum
1168 809 1284 847 uenis
1294 808 1315 846 ‘3

158 877 239 915 ΡΑ.
272 875 363 913 Hau
385 873 647 925 longissumel.
693 874 774 914 ΕΡ.
807 871 980 912 Postilla
998 874 1076 912 iam
1092 875 1212 913 istest
1228 874 1426 926 tranquil-

763 938 826 977 11'1s
843 939 947 977 tibi?

160 1007 241 1045 AN.
269 1006 402 1056 Magis
419 1017 535 1056 quam
554 1017 665 1043 mare
684 1018 761 1055 quo
780 1006 894 1043 ambo
917 1005 1014 1043 e'stis
1031 1006 1151 1044 uecti.
1196 1005 1275 1046 ΕΡ.
1307 1005 1426 1044 Facis

760 1075 803 1109 ut
819 1069 917 1108 alias
934 1071 1001 1108 res
1018 1069 1136 1109 soles.
1357 1076 1424 1110 530

157 1135 344 1175 Hodiene
355 1137 620 1174 exoneramus
631 1147 790 1187 nauem,
800 1136 928 1175 frdter
939 1136 958 1174 ‘3
974 1135 1299 1176 PA.Clementer
1310 1137 1422 1176 uolo:

156 1201 235 1241 Nos
251 1203 387 1255 potius
405 1202 620 1241 onere'mus
637 1207 796 1241 nosmet
811 1203 1031 1240 uicissatim
1048 1200 1338 1253 uoluptatibus.

153 1270 280 1318 Quam
305 1281 396 1306 mox
420 1272 574 1306 coctast
599 1268 730 1306 ce’na?
761 1270 975 1320 inpransus
994 1269 1067 1319 ego
1089 1281 1188 1307 sum.
1232 1267 1313 1307 ΕΡ.
1344 1268 1424 1306 Abi

760 1335 869 1372 intro
888 1333 937 1371 ad
953 1346 1016 1372 me
1035 1334 1075 1371 et
1089 1332 1193 1372 laua.

152 1401 232 1438 ΡΑ.
264 1399 372 1439 Deos
397 1398 610 1438 salutatum
636 1401 757 1449 atque
782 1412 949 1438 uxorem
965 1399 1083 1438 modo
1099 1400 1209 1437 intro
1227 1398 1423 1438 deuortdr

759 1464 932 1503 domum.

152 1531 280 1580 [Haec
298 1532 331 1569 si
347 1532 403 1569 ita
419 1536 464 1569 ut
479 1530 574 1569 uold
593 1532 779 1582 confexo7
797 1532 987 1570 continuo
1005 1529 1054 1569 ad
1069 1534 1111 1569 te
1128 1531 1325 1581 transeo]
1355 1535 1421 1570 535

150 1598 230 1636 ΕΡ.
263 1587 376 1649 Aput
391 1610 465 1635 nos
485 1596 671 1635 eccillam
686 1597 856 1635 festinat
872 1598 962 1635 cum
978 1608 1121 1634 sorore
1138 1597 1238 1634 uxor
1253 1600 1332 1634 tua.

150 1664 231 1701 ΡΑ.
266 1652 501 1715 όρῐιιῐηθεῐε
540 1663 617 1700 iam
646 1662 752 1699 istuc
782 1662 908 1699 morai
938 1662 1067 1698 minus
1093 1661 1183 1698 erit.
1227 1660 1308 1699 ΕΡ.
1339 1661 1419 1699 Iam

759 1738 833 1776 ego
853 1725 948 1777 aput
964 1731 1005 1764 te
1022 1738 1106 1765 ero.

149 1794 231 1832 AN.
255 1793 375 1831 Prius
387 1805 505 1843 quam
523 1792 621 1843 abis,
637 1793 854 1844 praesente
872 1790 943 1829 ted
958 1792 1052 1829 huic
1069 1789 1283 1843 apologum
1297 1803 1418 1842 agere

754 1858 876 1896 unum
892 1856 999 1895 uolo.

147 1925 226 1965 E'P.
259 1925 460 1964 Maxume.
513 1924 596 1963 AN.
625 1924 722 1963 Fuit
752 1922 870 1974 olim,
902 1924 1014 1974 quasi
1045 1922 1181 1974 [nunc]
1213 1924 1287 1974 ego
1317 1935 1417 1972 sum,

755 2001 891 2028 senex.
925 1991 962 2027 ei
979 1988 1092 2027 filiae

147 2057 259 2096 Duae
287 2062 424 2105 erant3
456 2057 570 2108 quasi
599 2069 705 2094 nunc
735 2054 849 2094 meae
881 2059 984 2093 sunt.
1018 2066 1090 2093 eae
1121 2057 1239 2092 erant
1262 2051 1416 2092 duobus

752 2127 901 2174 nuptae
920 2122 1129 2170 fratribus,
1349 2122 1418 2157 540

146 2187 269 2238 Quasi
287 2201 392 2228 nunc
409 2201 523 2228 meae
541 2193 634 2228 sunt
648 2189 775 2227 uobis.
820 2188 902 2226 PA.
935 2187 1070 2226 Miror
1087 2197 1166 2237 quo
1183 2183 1416 2222 euassurust

753 2252 959 2305 apologus.
