1511 2502
176 144 259 185 294
636 144 947 184 PLAVTI
1206 153 1438 190 11446—74

175 254 260 295 PH.
290 257 422 296 Homo
450 258 524 309 ego
546 271 646 308 sum,
664 261 710 295 tu
725 256 900 294 homo's:
930 257 988 294 ita
1001 268 1065 294 me
1082 257 1230 296 amabit
1243 254 1440 308 Iuppiter,

177 320 321 372 Neque
337 323 379 360 te
397 321 577 361 derisum
591 322 687 360 ueni
703 333 838 372 neque
854 319 1020 371 dignum
1034 324 1144 372 puto.

175 385 331 425 Verum
346 388 424 426 hoc
442 387 552 439 quod
568 386 651 426 dixi
667 387 779 424 meus
795 398 859 424 me
877 387 1010 424 orauit
1024 385 1150 436 filius,

175 450 231 489 Vt
245 450 353 489 tuam
370 464 555 491 sororem
569 453 785 504 poscerem
799 452 966 490 uxorem
982 452 1072 492 sibi.
1371 455 1441 490 450

172 517 254 556 LE.
286 519 474 557 Meari'im
492 532 556 558 me
574 532 713 557 rerum
728 519 892 556 nouisse
910 521 1122 569 aequomst
1138 516 1334 556 ordinem.

173 582 274 621 Cum
289 585 440 622 uostris
457 588 597 623 nostra
612 586 694 622 non
709 587 773 621 est
789 595 917 634 aequa
935 583 1080 621 fdctio:

170 646 440 686 Adfinitatem
455 649 571 687 uobis
588 647 705 686 aliam
722 647 918 697 quaerite.

170 712 251 752 ST.
286 713 400 752 Satin
414 714 490 752 tu's
506 726 624 752 sanus
642 714 790 751 mentis
808 716 875 750 aut
892 714 1012 751 animi
1025 715 1099 764 tui,

172 779 250 827 Qui
269 778 546 818 conditionem
561 779 665 817 hanc
680 776 874 829 repudies
885 778 905 815 ‘3
935 791 1027 817 nam
1039 778 1159 818 illum
1172 781 1248 818 tibi
1368 786 1436 820 455

168 842 457 882 Ferentarium
473 856 564 882 esse
581 844 750 881 amicum
765 843 976 881 inuentum
991 843 1200 895 intellego.

167 907 249 947 LE.
278 909 386 947 Abin
414 909 509 946 hinc
534 908 749 947 dierecte‘?
794 907 874 947 ST.
907 907 951 945 Si
974 907 1116 947 he'rcle
1134 909 1196 947 ire
1214 909 1434 961 occupiam7

776 977 904 1012 uotes.

168 1038 251 1077 LE.
281 1039 369 1076 Nisi
385 1051 449 1077 me
468 1038 566 1077 aliut
584 1038 682 1090 quid
695 1039 770 1088 uis,
786 1037 938 1089 Philto,
954 1037 1151 1091 respondi
1165 1039 1253 1079 tibi.

165 1102 251 1142 ΡΠ.
283 1103 587 1156 Benigniorem‚
600 1104 843 1154 L6sbonice,
860 1105 904 1142 te
919 1104 1031 1154 mihi,

165 1168 292 1217 Quam
312 1170 420 1208 nime
437 1172 627 1222 experior
645 1172 748 1221 esse,
770 1169 929 1209 confid6
946 1170 1059 1208 fore:
1365 1175 1435 1211 460

166 1233 267 1271 Nam
285 1238 326 1272 et
343 1234 468 1274 sti'nlte
484 1235 623 1274 facere
641 1240 683 1274 et
702 1234 829 1274 stulte
844 1233 1079 1285 famularier,

165 1298 411 1351 Vtrumque,
427 1301 671 1351 Lesbonice,
690 1302 731 1339 in
750 1305 882 1339 aetate
898 1301 978 1339 hau
995 1301 1196 1338 bonumst.

165 1363 245 1402 ST.
279 1364 433 1404 Verum
462 1364 607 1404 hercle
631 1366 698 1404 hic
722 1365 833 1404 dicit.
885 1365 967 1403 LE.
1012 1354 1183 1403 oculum
1213 1376 1288 1415 ego
1319 1366 1431 1404 ecfo-

765 1429 871 1469 diAm
885 1431 960 1468 tibi

164 1492 208 1530 Si
230 1493 400 1531 uerbum
416 1493 636 1533 addideris,
684 1494 765 1535 ST.
797 1494 953 1534 Hercle
964 1458 1039 1546 ’qui
1056 1494 1187 1534 dicam
1200 1499 1354 1534 tamen:

161 1557 263 1595 Nam
278 1560 314 1595 si
329 1559 387 1596 sic
403 1572 484 1597 non
498 1557 656 1609 licebit,
680 1558 818 1598 luscus
834 1560 988 1598 dixero.
1359 1565 1427 1601 465

159 1622 244 1664 PH.
276 1625 335 1662 Ita
349 1627 458 1664 minc
473 1630 518 1664 tu
535 1624 636 1664 dicis
653 1628 734 1665 non
751 1639 841 1665 esse
858 1626 1172 1678 aequiperabilis

162 1688 332 1727 vostras
350 1703 439 1728 cum
454 1692 606 1729 nostris
620 1691 820 1729 factiones
838 1694 959 1742 atque
976 1692 1103 1743 opes?

160 1752 241 1792 LE.
274 1754 388 1794 Dico.
436 1755 522 1793 PH.
554 1755 690 1805 Quid?
718 1769 824 1794 nunc
849 1757 883 1795 si
906 1758 948 1795 in
972 1757 1116 1796 aedem
1131 1757 1182 1797 ad
1198 1770 1338 1798 cenam
1352 1760 1426 1798 ue-

757 1822 869 1859 neris

159 1884 294 1934 Atque
312 1885 368 1922 ibi
385 1883 600 1936 opulentus
614 1887 690 1924 tibi
704 1899 778 1937 par
793 1887 903 1924 forte
920 1887 1155 1926 obuenerit:

156 1948 358 2000 Adpdsita
375 1961 474 1988 cena
490 1952 556 2001 sit,
571 1948 812 2002 popularem
829 1954 946 2002 quam
961 1957 1128 1991 uocant:
1353 1957 1423 1993 470

156 2012 201 2052 Si
215 2013 279 2052 illi
295 2020 513 2066 congestae
532 2019 614 2055 sint
629 2016 774 2068 epulae
792 2031 812 2055 a
830 2017 1070 2069 (fluentibus,

157 2078 303 2130 Siquid
320 2082 395 2119 tibi
411 2080 574 2133 placeat
591 2082 699 2133 qudd
716 2082 778 2121 illi
797 2085 1034 2134 congestum
1049 2084 1141 2133 siet,

153 2144 307 2183 Edisne
325 2159 373 2184 an
389 2147 602 2187 incenatus
619 2162 708 2187 cum
724 2148 918 2201 opulento
936 2150 1138 2188 accubes?

153 2209 234 2249 LE.
265 2210 399 2262 Edim,
416 2214 495 2251 nisi
511 2214 545 2252 si
558 2212 633 2252 ille
648 2216 774 2254 udtet.
820 2215 900 2255 ST.
924 2216 979 2254 At
993 2213 1062 2267 pol
1079 2228 1169 2267 ego,
1195 2220 1275 2257 etsi
1291 2222 1416 2268 notet,

154 2274 271 2314 Edim
289 2279 411 2329 atque
430 2280 619 2318 ambabus
636 2279 750 2319 malis
769 2279 945 2332 expletis
961 2293 1102 2319 uorem
1350 2287 1417 2324 475
