1511 2502
81 140 343 179 1111844—69
450 128 966 169 BACCHIDES.
1296 128 1351 168 97

189 244 296 295 Quid
315 243 376 283 illi
393 242 629 282 molestu's‘?
658 240 756 292 quid
772 240 887 279 illum
902 245 1035 279 morte
1054 240 1252 279 territas?
1281 245 1349 281 885

185 312 240 350 Et
256 312 330 362 ego
347 315 388 348 te
406 314 449 348 et
464 307 535 347 ille
552 308 769 346 mactamus
786 305 1024 344 infortunio.

188 377 232 415 Si
249 377 364 415 tibist
380 375 607 424 machaera,
630 377 669 411 at
685 373 802 410 nobis
819 372 1030 410 ueruinast
1047 371 1174 409 domi:

188 444 275 493 Qua
290 440 453 492 quidem
470 444 511 478 te
528 440 686 488 faciam,
703 440 736 476 si
754 443 797 475 tu
813 449 876 475 me
894 436 1144 486 inritaueris,

188 507 495 547 Confossiorem
526 504 702 543 soricina
717 503 850 542 nenia.

185 574 267 612 Iam
284 571 435 611 dudum
451 569 594 609 hercle
613 568 804 621 equidem
820 569 968 618 sentio,
986 569 1155 620 suspitio
1281 572 1350 609 890

188 639 299 687 Quae
318 639 360 676 te
377 635 593 676 sollicitet:
627 636 717 673 eum
735 647 825 673 esse
843 647 934 673 cum
949 632 1023 672 illa
1039 632 1225 672 muliere.

190 703 268 742 CL.
299 703 422 741 Immo
449 704 511 740 est
537 713 709 752 quoque.
761 700 846 739 CH.
879 700 938 738 Ita
961 711 1025 738 me
1050 699 1235 751 Iuppiter
1251 699 1349 738 Iuno

687 766 816 804 Ceres

189 834 380 873 Mine‘rua
398 833 501 884 Spes
517 832 673 870 Latona
690 832 790 883 Opis
808 832 950 871 Virtt'is
968 831 1108 871 Venus

190 899 336 938 Castor
352 896 545 936 Polluces
562 897 674 936 Mars
691 897 924 935 Mercurius
941 894 1145 934 Hercules

189 964 413 1002 Submanus
431 961 502 1001 Sol
519 963 718 1001 Saturnus
734 961 856 1012 dique
874 962 1013 999 omnes
1031 966 1180 1011 ament,
1281 966 1350 1001 895

187 1031 245 1071 Vt
260 1029 334 1068 ille
355 1043 444 1068 cum
464 1027 538 1067 illa
552 1029 686 1079 nc'que
703 1028 823 1066 cubat
837 1039 972 1078 neque
990 1025 1168 1066 ambulat

186 1097 330 1148 Neque
348 1094 581 1134 ai'lsculatur
602 1096 736 1145 neque
752 1093 848 1132 illut
867 1093 976 1145 quod
993 1093 1075 1131 dici
1093 1091 1211 1131 solet.

186 1161 252 1201 NI.
284 1161 341 1201 Vt
356 1162 483 1200 iurat:
515 1164 653 1199 seruat
669 1162 734 1198 me
749 1159 824 1197 ille
841 1160 922 1197 suis
939 1159 1148 1211 periuriis.

189 1227 269 1266 CL.
292 1226 372 1266 Vbi
389 1227 496 1265 minc
510 1225 794 1265 Mnesilochus
814 1225 982 1276 ergost?
1013 1224 1099 1264 CH.
1118 1223 1200 1262 Rus
1217 1223 1346 1265 missi!

687 1295 827 1343 pater:

189 1356 266 1395 Illa
287 1358 422 1395 autem
438 1357 480 1394 in
497 1368 629 1394 arcem
651 1356 778 1407 [hinc]
797 1357 898 1394 abiit
914 1355 1056 1394 aedem
1073 1357 1230 1394 uissere
1284 1360 1348 1394 90ss

192 1421 419 1459 Mineruae.
452 1433 558 1458 nunc
577 1421 778 1472 apertast:
808 1421 835 1470 i,
853 1422 962 1459 uisse
981 1421 1097 1459 estne
1114 1421 1182 1459 ibi.

191 1484 271 1523 GL.
304 1484 419 1522 Abeo
439 1482 489 1522 ad
503 1484 637 1523 forum
653 1485 790 1535 igitur.
838 1485 924 1525 CH.
956 1485 1036 1526 Ve'l
1057 1485 1132 1536 [tu]
1150 1484 1292 1524 hercle
1309 1486 1350 1523 in

686 1550 829 1589 malestm
849 1563 1022 1590 crucem.

189 1616 268 1655 CL.
300 1614 436 1653 Hodie
463 1615 616 1666 exigam
635 1628 775 1654 aurum
791 1617 900 1655 hoc?
943 1616 1027 1656 CH.
1060 1606 1188 1667 Exige
1205 1629 1250 1655 ac
1265 1629 1353 1655 sus-

665 1683 801 1736 pende
818 1689 879 1723 te:

190 1751 251 1789 Ne
267 1749 514 1802 supplicare,
531 1751 651 1789 homo
669 1749 801 1800 nihili,
820 1750 911 1801 [tibi
927 1752 1018 1804 nos]
1035 1752 1216 1792 ce'nseas.

190 1815 303 1854 Illest
320 1820 486 1854 amotus.
518 1817 607 1854 sine
623 1828 702 1866 me,
718 1828 795 1867 per
810 1821 866 1866 te,
885 1829 970 1866 ere,
988 1819 1160 1869 opsecro
1284 1822 1352 1857 905

189 1881 297 1920 Deos
314 1879 556 1931 inmortalis,
572 1883 634 1919 ire
650 1882 729 1920 huc
745 1883 855 1920 intro
874 1882 923 1920 ad
939 1881 1082 1922 fssium.

189 1947 253 1986 NI.
289 1946 396 1996 Quid
425 1949 473 1985 eo
501 1947 622 1999 [nam]
649 1950 758 1987 intro
781 1949 859 1988 ibis
871 1950 891 1987 ⁹?
934 1950 1019 1988 CH.
1052 1939 1108 1988 Vt
1124 1962 1215 1988 eum
1232 1950 1352 1989 dictis

679 2013 880 2066 plurumis

190 2078 416 2129 castigem,
448 2091 567 2129 quom
591 2080 692 2118 haec
717 2081 784 2119 hic
806 2081 914 2119 facta
938 2080 988 2120 ad
1003 2081 1111 2120 hunc
1126 2081 1251 2121 faciat
1266 2095 1352 2121 mo-

684 2144 790 2184 dum.

190 2207 254 2246 NI.
282 2208 405 2246 Immo
424 2210 494 2246 oro
511 2213 556 2247 ut
570 2209 709 2260 facias,
727 2210 941 2261 Chri'lsale‚
959 2215 1002 2249 et
1017 2211 1089 2250 ted
1106 2214 1292 2264 opsecro,

193 2274 302 2312 caue
317 2275 448 2326 parsis
464 2275 506 2312 in
523 2287 614 2313 eum
631 2274 782 2315 dicere.
831 2276 904 2314 CH
947 2276 1082 2315 Etiam
1098 2277 1164 2315 me
1178 2289 1318 2317 mones
1329 2278 1352 2315 il

137 2338 324 2377 PLAvrvs
355 2340 398 2378 Π.
1059 2347 1080 2383 7
