1511 2502
130 99 213 139 220

614 96 917 136 PLAVTI
1182 106 1400 142 1151—27

611 244 921 282 ScEPAano.

243 343 325 382 Pro
343 341 385 381 di
401 341 653 394 inmortales,
670 345 712 381 1‘11
728 356 830 394 aqua
845 356 1060 394 numquam
1077 342 1235 382 credidi

246 407 512 460 Voluptatem
530 409 668 447 inesse
684 411 856 447 tantam:
886 414 931 446 ut
945 410 1049 447 hanc
1066 410 1171 447 traxi
1185 408 1342 447 lubens.

241 474 374 513 Nimid
392 475 524 512 minus
542 474 647 513 altus
662 476 811 526 puteus
828 476 958 513 uisust
975 477 1091 525 quam
1107 475 1233 526 prius.
1333 479 1403 514 460

245 539 301 578 Vt
319 541 406 577 sine
422 539 563 578 labore
579 540 683 578 hanc
700 540 875 577 extraxi:
904 540 1167 591 praefiscine,

245 604 360 643 Satin
383 607 557 657 nequam
583 619 668 644 sum
680 635 691 657 7
721 611 864 658 utpote
892 607 960 657 qui
983 605 1106 643 hddie
1133 617 1267 644 amare
1289 605 1402 643 ince-

739 671 900 722 perim‘!

241 734 305 771 En
321 736 396 772 tibi
414 748 569 785 aquam,
596 747 686 772 mea
700 740 745 773 tu
760 734 931 773 be‘llula:
962 736 1070 784 hem,
1096 735 1215 785 [eam]
1235 737 1291 773 sl'c
1306 733 1400 772 uolo

245 798 308 836 Te
324 799 437 837 ferre
454 801 642 850 honeste,
658 805 703 838 ut
719 801 792 851 ego
810 801 923 838 fero:
954 806 999 838 ut
1012 799 1174 852 placeas
1190 800 1300 838 mihi.

243 865 316 903 Set
340 867 408 904 ubi
431 867 508 905 tu’s
536 866 742 906 delicata?
774 880 872 919 cape
896 881 1037 919 aquam
1053 868 1156 906 hanc
1173 869 1238 905 sis.
1270 867 1401 905 ubi’s?

242 932 362 969 Amat
377 933 518 971 hercle
535 945 613 983 me,
631 938 674 972 ut
690 946 764 984 ego
783 936 947 985 opinor:
979 933 1143 972 delituit
1159 932 1273 971 mala.
1333 937 1401 972 466

241 997 321 1035 Vbi
347 998 452 1036 tu's?
484 1000 658 1037 etiamne
681 1000 785 1038 hanc
802 1001 942 1037 urnam
959 998 1237 1051 acceptura's?
1268 997 1400 1036 ubi's?

241 1062 507 1101 Commddule
530 1062 649 1104 ludis.
680 1064 844 1103 tandem
860 1078 959 1103 uero
978 1066 1099 1103 serio.

243 1127 377 1166 Etiam
393 1130 642 1180 acceptura's
658 1131 800 1168 urnam
815 1131 918 1168 hanc
930 1130 949 1167 ’.ἒ
985 1131 1054 1167 ubi
1070 1129 1146 1167 tu's
1164 1129 1373 1180 gentium‘.²

239 1192 444 1244 Nusquam
473 1194 614 1233 hercle
645 1195 836 1246 equidem
864 1194 977 1233 illam
1006 1194 1148 1232 uideo:
1185 1192 1306 1232 ludos
1335 1194 1399 1232 me

740 1262 851 1302 facit.
1333 1265 1400 1300 470

241 1323 453 1375 Adpdnam
481 1324 625 1363 hercle
650 1339 791 1364 urnam
808 1327 885 1364 iam
904 1338 978 1377 ego
998 1326 1101 1363 hanc
1116 1325 1157 1362 in
1173 1323 1306 1363 media
1321 1325 1398 1362 uia.

242 1388 315 1426 Set
331 1390 463 1426 autem
483 1390 580 1440 quid
596 1392 629 1428 si
645 1392 748 1429 hanc
764 1392 858 1429 hinc
876 1389 1094 1443 apstulerit
1111 1389 1309 1440 quispiam

244 1453 407 1491 Sacram
423 1455 565 1492 urnam
580 1456 756 1494 Veneris
767 1456 787 1493 ‘3
816 1457 871 1494 mi
888 1457 1079 1494 exhibeat
1093 1455 1313 1504 negdtium.

239 1518 382 1556 Metuo
402 1518 544 1558 he'rcle
562 1533 613 1558 ue
631 1520 700 1559 illa
714 1520 863 1559 mulier
879 1522 934 1559 mi
949 1520 1118 1558 insidias
1134 1518 1259 1569 locet,

238 1582 295 1621 Vt
315 1583 628 1633 cdnprehendar
644 1585 734 1623 cum
750 1598 863 1624 sacra
879 1598 980 1622 urna
995 1584 1188 1623 Ve'neria.
1329 1589 1395 1623 475

243 1646 399 1698 Nempe
417 1649 580 1699 dptumo
601 1648 696 1699 [me]
713 1650 803 1687 iure
819 1650 860 1686 in
876 1647 1024 1686 uinclis
1043 1649 1179 1686 enicet

239 1714 519 1764 Magistratus,
539 1715 665 1764 siquis
682 1727 746 1753 me
762 1715 864 1753 hanc
881 1715 1035 1752 habere
1051 1714 1215 1753 uiderit.

235 1778 335 1816 Nam
352 1779 454 1816 haec
469 1778 693 1816 literatast:
725 1778 845 1830 eapse
863 1782 999 1816 cantat
1017 1779 1137 1829 qudia
1152 1780 1216 1817 sit.

235 1844 317 1881 Iam
333 1842 476 1882 hercle
493 1844 670 1881 euocabo
687 1844 783 1882 hinc
799 1844 904 1881 hanc
921 1842 1177 1881 sacerdotem
1192 1843 1316 1893 foras,

237 1910 275 1948 V
278 1914 294 1947 t
308 1910 411 1948 hanc
429 1910 601 1961 accipiat
618 1910 770 1948 urnam.
805 1908 994 1947 accedam
1008 1909 1086 1947 huc
1104 1909 1154 1948 ad
1169 1910 1284 1949 foris.
1327 1913 1395 1949 480

236 1976 365 2025 Heus,
383 1974 713 2025 Ptdlemocratia,
731 1978 830 2026 cape
847 1975 901 2013 sis
918 1975 1022 2012 hanc
1038 1977 1181 2012 urnzim
1196 1976 1293 2013 tibi:

239 2039 490 2080 Muliercula
509 2041 614 2079 hanc
630 2042 768 2079 nescio
787 2052 889 2091 quae
905 2040 984 2077 huc
1001 2038 1051 2078 ad
1066 2051 1131 2077 me
1152 2039 1309 2079 detulit.

233 2106 346 2144 Intrd
364 2105 588 2144 ferundast.
619 2107 787 2158 repperi
803 2106 1024 2155 negdstum,

235 2170 279 2210 Si
297 2170 462 2222 quidem
477 2172 576 2209 mihi
592 2170 702 2209 ultro
718 2172 782 2209 his
799 2168 1034 2221 &dgerunda
1051 2169 1213 2207 etiamst
1231 2181 1341 2220 aqua.
