<?xml version="1.0" encoding="UTF-8"?>
<!DOCTYPE html PUBLIC "-//W3C//DTD XHTML 1.0 Transitional//EN"
    "http://www.w3.org/TR/xhtml1/DTD/xhtml1-transitional.dtd">
<html xmlns="http://www.w3.org/1999/xhtml" xml:lang="en" lang="en">
 <head>
  <title>
</title>
<meta http-equiv="Content-Type" content="text/html;charset=utf-8" />
  <meta name='ocr-system' content='tesseract 3.04.00' />
  <meta name='ocr-capabilities' content='ocr_page ocr_carea ocr_par ocr_line ocrx_word'/>
</head>
<body>
  <div class='ocr_page' id='page_1' title='image "./comoediae0102plauuoft_0392.png"; bbox 0 0 1511 2502; ppageno 0'>
   <div class='ocr_carea' id='block_1_1' title="bbox 1312 0 1506 25">
    <p class='ocr_par' dir='ltr' id='par_1_1' title="bbox 1312 0 1506 25">
     <span class='ocr_line' id='line_1_1' title="bbox 1312 0 1506 25; baseline 0.01 -9"><span class='ocrx_word' id='word_1_1' title='bbox 1312 4 1317 7; x_wconf 95' lang='lat'><em>-</em></span> <span class='ocrx_word' id='word_1_2' title='bbox 1352 0 1425 25; x_wconf 44' lang='lat'>2—523‘</span> <span class='ocrx_word' id='word_1_3' title='bbox 1455 0 1506 19; x_wconf 63' lang='grc'>’«’;.</span> 
     </span>
    </p>
   </div>
   <div class='ocr_carea' id='block_1_2' title="bbox 1392 46 1481 67">
    <p class='ocr_par' dir='ltr' id='par_1_2' title="bbox 1392 46 1481 67">
     <span class='ocr_line' id='line_1_2' title="bbox 1392 46 1481 67; baseline 0.034 -15"><span class='ocrx_word' id='word_1_4' title='bbox 1392 53 1419 63; x_wconf 19' lang='grc' dir='ltr'>,Ἰ</span> <span class='ocrx_word' id='word_1_5' title='bbox 1438 46 1481 67; x_wconf 40' lang='grc' dir='ltr'>3,,κὶ</span> 
     </span>
    </p>
   </div>
   <div class='ocr_carea' id='block_1_3' title="bbox 118 84 1511 164">
    <p class='ocr_par' dir='ltr' id='par_1_3' title="bbox 118 84 1511 164">
     <span class='ocr_line' id='line_1_3' title="bbox 118 84 1511 164; baseline 0.009 -12"><span class='ocrx_word' id='word_1_6' title='bbox 118 112 176 152; x_wconf 68' lang='lat'>26</span> <span class='ocrx_word' id='word_1_7' title='bbox 610 113 638 151; x_wconf 80' lang='lat' dir='ltr'><strong>P</strong></span> <span class='ocrx_word' id='word_1_8' title='bbox 664 112 692 151; x_wconf 88' lang='lat' dir='ltr'><strong>L</strong></span> <span class='ocrx_word' id='word_1_9' title='bbox 721 114 754 152; x_wconf 88' lang='lat' dir='ltr'>A</span> <span class='ocrx_word' id='word_1_10' title='bbox 782 114 815 152; x_wconf 88' lang='lat' dir='ltr'>v</span> <span class='ocrx_word' id='word_1_11' title='bbox 845 113 921 153; x_wconf 86' lang='lat' dir='ltr'>TI</span> <span class='ocrx_word' id='word_1_12' title='bbox 1167 129 1197 160; x_wconf 71' lang='grc' dir='ltr'>Η</span> <span class='ocrx_word' id='word_1_13' title='bbox 1221 84 1414 164; x_wconf 51' lang='grc' dir='ltr'>ηεξ-46</span> <span class='ocrx_word' id='word_1_14' title='bbox 1448 90 1511 146; x_wconf 48' lang='grc' dir='ltr'>’ἶὲ</span> 
     </span>
    </p>
   </div>
   <div class='ocr_carea' id='block_1_4' title="bbox 118 215 1399 544">
    <p class='ocr_par' dir='ltr' id='par_1_4' title="bbox 120 215 1398 330">
     <span class='ocr_line' id='line_1_4' title="bbox 120 215 1398 282; baseline 0.005 -19"><span class='ocrx_word' id='word_1_15' title='bbox 120 225 216 264; x_wconf 82' lang='lat' dir='ltr'>Mea</span> <span class='ocrx_word' id='word_1_16' title='bbox 233 224 373 264; x_wconf 79' lang='lat' dir='ltr'>caussa</span> <span class='ocrx_word' id='word_1_17' title='bbox 388 229 433 265; x_wconf 90' lang='lat' dir='ltr'>ut</span> <span class='ocrx_word' id='word_1_18' title='bbox 447 227 597 266; x_wconf 79' lang='lat' dir='ltr'>mittas,</span> <span class='ocrx_word' id='word_1_19' title='bbox 644 225 727 266; x_wconf 90' lang='lat' dir='ltr'>LE.</span> <span class='ocrx_word' id='word_1_20' title='bbox 762 215 872 278; x_wconf 77' lang='lat' dir='ltr'>Eho,</span> <span class='ocrx_word' id='word_1_21' title='bbox 898 227 1122 281; x_wconf 85' lang='lat' dir='ltr'>[Coriscus]</span> <span class='ocrx_word' id='word_1_22' title='bbox 1139 231 1214 282; x_wconf 76' lang='lat' dir='ltr'>pro</span> <span class='ocrx_word' id='word_1_23' title='bbox 1230 234 1398 270; x_wconf 74' lang='lat' dir='ltr'>uectura</span> 
     </span>
     <span class='ocr_line' id='line_1_5' title="bbox 730 292 828 330; baseline 0 0"><span class='ocrx_word' id='word_1_24' title='bbox 730 292 828 330; x_wconf 80' lang='lat' dir='ltr'>oliui</span> 
     </span>
    </p>

    <p class='ocr_par' dir='ltr' id='par_1_5' title="bbox 118 357 1399 480">
     <span class='ocr_line' id='line_1_6' title="bbox 118 357 1399 410; baseline 0.005 -14"><span class='ocrx_word' id='word_1_25' title='bbox 118 358 220 397; x_wconf 87' lang='lat' dir='ltr'>Rem</span> <span class='ocrx_word' id='word_1_26' title='bbox 236 357 391 397; x_wconf 73' lang='lat' dir='ltr'>soluit‘.z</span> <span class='ocrx_word' id='word_1_27' title='bbox 440 358 498 400; x_wconf 83' lang='lat' dir='ltr'>Ll.</span> <span class='ocrx_word' id='word_1_28' title='bbox 537 358 681 398; x_wconf 83' lang='lat' dir='ltr'>Soluit.</span> <span class='ocrx_word' id='word_1_29' title='bbox 726 358 808 398; x_wconf 86' lang='lat' dir='ltr'>LE.</span> <span class='ocrx_word' id='word_1_30' title='bbox 841 360 946 410; x_wconf 76' lang='lat' dir='ltr'>Quoi</span> <span class='ocrx_word' id='word_1_31' title='bbox 972 360 1178 401; x_wconf 74' lang='lat' dir='ltr'>datumst?</span> <span class='ocrx_word' id='word_1_32' title='bbox 1221 362 1283 402; x_wconf 92' lang='lat' dir='ltr'>LI.</span> <span class='ocrx_word' id='word_1_33' title='bbox 1317 363 1399 402; x_wconf 80' lang='lat' dir='ltr'>Sti-</span> 
     </span>
     <span class='ocr_line' id='line_1_7' title="bbox 729 425 1070 480; baseline 0.006 -17"><span class='ocrx_word' id='word_1_34' title='bbox 729 425 805 463; x_wconf 79' lang='lat' dir='ltr'>cho</span> <span class='ocrx_word' id='word_1_35' title='bbox 822 426 974 464; x_wconf 85' lang='lat' dir='ltr'>uicario</span> <span class='ocrx_word' id='word_1_36' title='bbox 993 428 1070 480; x_wconf 78' lang='lat' dir='ltr'>ipsi</span> 
     </span>
    </p>

    <p class='ocr_par' dir='ltr' id='par_1_6' title="bbox 119 490 1396 544">
     <span class='ocr_line' id='line_1_8' title="bbox 119 490 1396 544; baseline 0.004 -15"><span class='ocrx_word' id='word_1_37' title='bbox 119 491 220 530; x_wconf 85' lang='lat' dir='ltr'>Tuo.</span> <span class='ocrx_word' id='word_1_38' title='bbox 267 491 349 531; x_wconf 84' lang='lat' dir='ltr'>LE.</span> <span class='ocrx_word' id='word_1_39' title='bbox 382 492 494 542; x_wconf 73' lang='lat' dir='ltr'>Vah,</span> <span class='ocrx_word' id='word_1_40' title='bbox 532 490 720 530; x_wconf 87' lang='lat' dir='ltr'>delenire</span> <span class='ocrx_word' id='word_1_41' title='bbox 746 491 937 544; x_wconf 75' lang='lat' dir='ltr'>adparas:</span> <span class='ocrx_word' id='word_1_42' title='bbox 970 495 1053 532; x_wconf 82' lang='lat' dir='ltr'>scio</span> <span class='ocrx_word' id='word_1_43' title='bbox 1080 495 1178 533; x_wconf 81' lang='lat' dir='ltr'>mshi</span> <span class='ocrx_word' id='word_1_44' title='bbox 1202 496 1396 534; x_wconf 83' lang='lat' dir='ltr'>uicarium</span> 
     </span>
    </p>
   </div>
   <div class='ocr_carea' id='block_1_5' title="bbox 116 570 1396 732">
    <p class='ocr_par' dir='ltr' id='par_1_7' title="bbox 116 570 1396 732">
     <span class='ocr_line' id='line_1_9' title="bbox 728 570 818 596; baseline 0.011 -1"><span class='ocrx_word' id='word_1_45' title='bbox 728 570 818 596; x_wconf 88' lang='lat' dir='ltr'>esse</span> 
     </span>
     <span class='ocr_line' id='line_1_10' title="bbox 116 623 1396 678; baseline 0.004 -18"><span class='ocrx_word' id='word_1_46' title='bbox 116 623 259 674; x_wconf 87' lang='lat' dir='ltr'>Neque</span> <span class='ocrx_word' id='word_1_47' title='bbox 287 635 335 661; x_wconf 92' lang='lat' dir='ltr'>eo</span> <span class='ocrx_word' id='word_1_48' title='bbox 363 623 453 662; x_wconf 79' lang='lat' dir='ltr'>esse</span> <span class='ocrx_word' id='word_1_49' title='bbox 471 636 633 663; x_wconf 88' lang='lat' dir='ltr'>seruom</span> <span class='ocrx_word' id='word_1_50' title='bbox 653 626 693 663; x_wconf 90' lang='lat' dir='ltr'>in</span> <span class='ocrx_word' id='word_1_51' title='bbox 713 623 879 663; x_wconf 74' lang='lat' dir='ltr'>aedibus</span> <span class='ocrx_word' id='word_1_52' title='bbox 898 626 959 663; x_wconf 86' lang='lat' dir='ltr'>eri</span> <span class='ocrx_word' id='word_1_53' title='bbox 977 628 1045 677; x_wconf 80' lang='lat' dir='ltr'>qui</span> <span class='ocrx_word' id='word_1_54' title='bbox 1061 627 1114 664; x_wconf 92' lang='lat' dir='ltr'>sit</span> <span class='ocrx_word' id='word_1_55' title='bbox 1129 625 1260 678; x_wconf 90' lang='lat' dir='ltr'>pluris</span> <span class='ocrx_word' id='word_1_56' title='bbox 1280 640 1396 678; x_wconf 85' lang='lat' dir='ltr'>quam</span> 
     </span>
     <span class='ocr_line' id='line_1_11' title="bbox 724 689 1394 732; baseline 0.006 -4"><span class='ocrx_word' id='word_1_57' title='bbox 724 689 851 730; x_wconf 78' lang='lat' dir='ltr'>illest.</span> <span class='ocrx_word' id='word_1_58' title='bbox 1329 698 1394 732; x_wconf 65' lang='grc'>435,-</span> 
     </span>
    </p>
   </div>
   <div class='ocr_carea' id='block_1_6' title="bbox 111 757 1395 2321">
    <p class='ocr_par' dir='ltr' id='par_1_8' title="bbox 117 757 1170 810">
     <span class='ocr_line' id='line_1_12' title="bbox 117 757 1170 810; baseline 0.003 -15"><span class='ocrx_word' id='word_1_59' title='bbox 117 757 190 795; x_wconf 87' lang='lat' dir='ltr'>Set</span> <span class='ocrx_word' id='word_1_60' title='bbox 206 759 297 795; x_wconf 81' lang='lat' dir='ltr'>uina</span> <span class='ocrx_word' id='word_1_61' title='bbox 315 770 417 808; x_wconf 85' lang='lat' dir='ltr'>quae</span> <span class='ocrx_word' id='word_1_62' title='bbox 437 758 528 796; x_wconf 88' lang='lat' dir='ltr'>heri</span> <span class='ocrx_word' id='word_1_63' title='bbox 543 757 713 796; x_wconf 81' lang='lat' dir='ltr'>ue&#39;ndidi</span> <span class='ocrx_word' id='word_1_64' title='bbox 729 760 886 797; x_wconf 65' lang='lat' dir='ltr'>uindrio</span> <span class='ocrx_word' id='word_1_65' title='bbox 903 760 1170 810; x_wconf 66' lang='lat' dir='ltr'>Exaerambo,</span> 
     </span>
    </p>

    <p class='ocr_par' dir='ltr' id='par_1_9' title="bbox 115 824 1367 878">
     <span class='ocr_line' id='line_1_13' title="bbox 115 824 1367 878; baseline 0.001 -16"><span class='ocrx_word' id='word_1_66' title='bbox 115 824 196 862; x_wconf 85' lang='lat' dir='ltr'>Iam</span> <span class='ocrx_word' id='word_1_67' title='bbox 211 837 285 876; x_wconf 92' lang='lat' dir='ltr'>pro</span> <span class='ocrx_word' id='word_1_68' title='bbox 303 826 336 862; x_wconf 92' lang='lat' dir='ltr'>1&#39;s</span> <span class='ocrx_word' id='word_1_69' title='bbox 353 824 450 862; x_wconf 89' lang='lat' dir='ltr'>satis</span> <span class='ocrx_word' id='word_1_70' title='bbox 467 824 571 863; x_wconf 83' lang='lat' dir='ltr'>fecit</span> <span class='ocrx_word' id='word_1_71' title='bbox 588 824 729 863; x_wconf 87' lang='lat' dir='ltr'><strong>Sticho</strong></span> <span class='ocrx_word' id='word_1_72' title='bbox 742 825 761 863; x_wconf 73' lang='lat'>‘3</span> <span class='ocrx_word' id='word_1_73' title='bbox 803 825 866 863; x_wconf 92' lang='lat' dir='ltr'>LI.</span> <span class='ocrx_word' id='word_1_74' title='bbox 898 824 1066 863; x_wconf 82' lang='lat' dir='ltr'>Fecisse</span> <span class='ocrx_word' id='word_1_75' title='bbox 1087 826 1184 864; x_wconf 88' lang='lat' dir='ltr'>satis</span> <span class='ocrx_word' id='word_1_76' title='bbox 1202 828 1367 878; x_wconf 79' lang='lat' dir='ltr'>opinor:</span> 
     </span>
    </p>

    <p class='ocr_par' dir='ltr' id='par_1_10' title="bbox 116 888 1391 943">
     <span class='ocr_line' id='line_1_14' title="bbox 116 888 1391 943; baseline 0.003 -16"><span class='ocrx_word' id='word_1_77' title='bbox 116 890 216 928; x_wconf 81' lang='lat' dir='ltr'>Nam</span> <span class='ocrx_word' id='word_1_78' title='bbox 236 888 321 928; x_wconf 84' lang='lat' dir='ltr'>uidi</span> <span class='ocrx_word' id='word_1_79' title='bbox 339 890 421 928; x_wconf 85' lang='lat' dir='ltr'>huc</span> <span class='ocrx_word' id='word_1_80' title='bbox 438 891 571 942; x_wconf 88' lang='lat' dir='ltr'>ipsum</span> <span class='ocrx_word' id='word_1_81' title='bbox 588 889 796 930; x_wconf 74' lang='lat' dir='ltr'>adducere</span> <span class='ocrx_word' id='word_1_82' title='bbox 813 891 1072 943; x_wconf 77' lang='lat' dir='ltr'>trapessitam</span> <span class='ocrx_word' id='word_1_83' title='bbox 1087 891 1391 932; x_wconf 71' lang='lat' dir='ltr'>Exaerambum.</span> 
     </span>
    </p>

    <p class='ocr_par' dir='ltr' id='par_1_11' title="bbox 115 954 1393 1010">
     <span class='ocr_line' id='line_1_15' title="bbox 115 954 1393 1010; baseline 0.002 -17"><span class='ocrx_word' id='word_1_84' title='bbox 115 956 195 994; x_wconf 91' lang='lat' dir='ltr'>LE.</span> <span class='ocrx_word' id='word_1_85' title='bbox 221 955 288 994; x_wconf 87' lang='lat' dir='ltr'>Sic</span> <span class='ocrx_word' id='word_1_86' title='bbox 305 954 482 994; x_wconf 70' lang='lat' dir='ltr'>dedero:</span> <span class='ocrx_word' id='word_1_87' title='bbox 503 957 617 1009; x_wconf 87' lang='lat' dir='ltr'>prius</span> <span class='ocrx_word' id='word_1_88' title='bbox 636 969 738 1008; x_wconf 88' lang='lat' dir='ltr'>quae</span> <span class='ocrx_word' id='word_1_89' title='bbox 756 956 928 1008; x_wconf 70' lang='lat' dir='ltr'>credidi,</span> <span class='ocrx_word' id='word_1_90' title='bbox 946 958 1013 996; x_wconf 84' lang='lat' dir='ltr'>uix</span> <span class='ocrx_word' id='word_1_91' title='bbox 1029 959 1131 996; x_wconf 75' lang='lat' dir='ltr'>anno</span> <span class='ocrx_word' id='word_1_92' title='bbox 1148 961 1243 1010; x_wconf 89' lang='lat' dir='ltr'>post</span> <span class='ocrx_word' id='word_1_93' title='bbox 1257 959 1393 1008; x_wconf 76' lang='lat' dir='ltr'>exegi:</span> 
     </span>
    </p>

    <p class='ocr_par' dir='ltr' id='par_1_12' title="bbox 115 1022 1395 1131">
     <span class='ocr_line' id='line_1_16' title="bbox 115 1022 1395 1074; baseline 0.002 -14"><span class='ocrx_word' id='word_1_94' title='bbox 115 1022 230 1061; x_wconf 86' lang='lat' dir='ltr'>Nunc</span> <span class='ocrx_word' id='word_1_95' title='bbox 261 1025 325 1061; x_wconf 73' lang='lat' dir='ltr'>sat</span> <span class='ocrx_word' id='word_1_96' title='bbox 359 1024 461 1074; x_wconf 83' lang='lat' dir='ltr'>agit:</span> <span class='ocrx_word' id='word_1_97' title='bbox 502 1023 667 1063; x_wconf 76' lang='lat' dir='ltr'>adducit</span> <span class='ocrx_word' id='word_1_98' title='bbox 696 1023 857 1063; x_wconf 91' lang='lat' dir='ltr'>domum</span> <span class='ocrx_word' id='word_1_99' title='bbox 888 1025 1011 1064; x_wconf 87' lang='lat' dir='ltr'>etiam</span> <span class='ocrx_word' id='word_1_100' title='bbox 1040 1023 1147 1063; x_wconf 76' lang='lat' dir='ltr'>ultro</span> <span class='ocrx_word' id='word_1_101' title='bbox 1179 1029 1222 1063; x_wconf 88' lang='lat' dir='ltr'>et</span> <span class='ocrx_word' id='word_1_102' title='bbox 1252 1025 1395 1063; x_wconf 85' lang='lat' dir='ltr'><strong>scribit</strong></span> 
     </span>
     <span class='ocr_line' id='line_1_17' title="bbox 723 1093 1395 1131; baseline -0.001 -1"><span class='ocrx_word' id='word_1_103' title='bbox 723 1093 917 1131; x_wconf 67' lang='lat' dir='ltr'>nummos.</span> <span class='ocrx_word' id='word_1_104' title='bbox 1326 1096 1395 1130; x_wconf 66' lang='lat'>440</span> 
     </span>
    </p>

    <p class='ocr_par' dir='ltr' id='par_1_13' title="bbox 114 1155 1389 1208">
     <span class='ocr_line' id='line_1_18' title="bbox 114 1155 1389 1208; baseline 0.001 -14"><span class='ocrx_word' id='word_1_105' title='bbox 114 1156 294 1194; x_wconf 74' lang='lat' dir='ltr'>Dromon</span> <span class='ocrx_word' id='word_1_106' title='bbox 311 1155 547 1195; x_wconf 87' lang='lat' dir='ltr'>mercedem</span> <span class='ocrx_word' id='word_1_107' title='bbox 567 1156 761 1196; x_wconf 79' lang='lat' dir='ltr'>rettulit?</span> <span class='ocrx_word' id='word_1_108' title='bbox 790 1157 852 1196; x_wconf 92' lang='lat' dir='ltr'>LI.</span> <span class='ocrx_word' id='word_1_109' title='bbox 874 1156 1050 1196; x_wconf 81' lang='lat' dir='ltr'>Dimidio</span> <span class='ocrx_word' id='word_1_110' title='bbox 1066 1157 1211 1206; x_wconf 84' lang='lat' dir='ltr'>minus,</span> <span class='ocrx_word' id='word_1_111' title='bbox 1232 1157 1389 1208; x_wconf 84' lang='lat' dir='ltr'>opinor.</span> 
     </span>
    </p>

    <p class='ocr_par' dir='ltr' id='par_1_14' title="bbox 116 1220 1392 1340">
     <span class='ocr_line' id='line_1_19' title="bbox 116 1220 1392 1274; baseline -0.001 -13"><span class='ocrx_word' id='word_1_112' title='bbox 116 1220 194 1261; x_wconf 80' lang='lat' dir='ltr'>LE.</span> <span class='ocrx_word' id='word_1_113' title='bbox 230 1221 338 1272; x_wconf 81' lang='lat' dir='ltr'>Quid</span> <span class='ocrx_word' id='word_1_114' title='bbox 361 1221 590 1262; x_wconf 74' lang='lat' dir='ltr'>relicuom?</span> <span class='ocrx_word' id='word_1_115' title='bbox 633 1223 696 1263; x_wconf 94' lang='lat' dir='ltr'>LI.</span> <span class='ocrx_word' id='word_1_116' title='bbox 730 1224 851 1262; x_wconf 87' lang='lat' dir='ltr'><strong>Aibat</strong></span> <span class='ocrx_word' id='word_1_117' title='bbox 875 1222 1067 1273; x_wconf 78' lang='lat' dir='ltr'>reddere,</span> <span class='ocrx_word' id='word_1_118' title='bbox 1095 1234 1215 1274; x_wconf 87' lang='lat' dir='ltr'>quom</span> <span class='ocrx_word' id='word_1_119' title='bbox 1238 1222 1392 1260; x_wconf 74' lang='lat' dir='ltr'>extem-</span> 
     </span>
     <span class='ocr_line' id='line_1_20' title="bbox 723 1286 1164 1340; baseline -0.005 -14"><span class='ocrx_word' id='word_1_120' title='bbox 723 1288 790 1340; x_wconf 89' lang='lat' dir='ltr'>plo</span> <span class='ocrx_word' id='word_1_121' title='bbox 809 1286 1015 1326; x_wconf 87' lang='lat' dir='ltr'>redditum</span> <span class='ocrx_word' id='word_1_122' title='bbox 1035 1288 1164 1326; x_wconf 71' lang='lat' dir='ltr'>esset:</span> 
     </span>
    </p>

    <p class='ocr_par' dir='ltr' id='par_1_15' title="bbox 114 1352 1346 1406">
     <span class='ocr_line' id='line_1_21' title="bbox 114 1352 1346 1406; baseline -0.001 -13"><span class='ocrx_word' id='word_1_123' title='bbox 114 1353 212 1393; x_wconf 82' lang='lat' dir='ltr'>Nam</span> <span class='ocrx_word' id='word_1_124' title='bbox 229 1355 415 1405; x_wconf 77' lang='lat' dir='ltr'>retineri,</span> <span class='ocrx_word' id='word_1_125' title='bbox 434 1359 477 1392; x_wconf 91' lang='lat' dir='ltr'>ut</span> <span class='ocrx_word' id='word_1_126' title='bbox 494 1353 602 1406; x_wconf 87' lang='lat' dir='ltr'>quod</span> <span class='ocrx_word' id='word_1_127' title='bbox 620 1356 672 1392; x_wconf 83' lang='lat' dir='ltr'>sit</span> <span class='ocrx_word' id='word_1_128' title='bbox 691 1355 768 1392; x_wconf 89' lang='lat' dir='ltr'>sibi</span> <span class='ocrx_word' id='word_1_129' title='bbox 787 1356 924 1405; x_wconf 80' lang='lat' dir='ltr'>operis</span> <span class='ocrx_word' id='word_1_130' title='bbox 939 1352 1117 1392; x_wconf 86' lang='lat' dir='ltr'>locatum</span> <span class='ocrx_word' id='word_1_131' title='bbox 1137 1353 1346 1392; x_wconf 77' lang='lat' dir='ltr'>ecficeret.</span> 
     </span>
    </p>

    <p class='ocr_par' dir='ltr' id='par_1_16' title="bbox 112 1416 1389 1472">
     <span class='ocr_line' id='line_1_22' title="bbox 112 1416 1389 1472; baseline -0.002 -13"><span class='ocrx_word' id='word_1_132' title='bbox 112 1416 194 1459; x_wconf 85' lang='lat' dir='ltr'>LE.</span> <span class='ocrx_word' id='word_1_133' title='bbox 227 1421 411 1472; x_wconf 74' lang='lat' dir='ltr'>Scuphos</span> <span class='ocrx_word' id='word_1_134' title='bbox 437 1433 538 1471; x_wconf 89' lang='lat' dir='ltr'>quos</span> <span class='ocrx_word' id='word_1_135' title='bbox 556 1419 731 1458; x_wconf 74' lang='lat' dir='ltr'>utendos</span> <span class='ocrx_word' id='word_1_136' title='bbox 750 1418 845 1458; x_wconf 90' lang='lat' dir='ltr'>dedi</span> <span class='ocrx_word' id='word_1_137' title='bbox 861 1417 1116 1469; x_wconf 69' lang='lat' dir='ltr'>Philodamo,</span> <span class='ocrx_word' id='word_1_138' title='bbox 1142 1417 1389 1458; x_wconf 67' lang='lat' dir='ltr'>rettulitne&#39;}</span> 
     </span>
    </p>

    <p class='ocr_par' dir='ltr' id='par_1_17' title="bbox 112 1483 1390 1589">
     <span class='ocr_line' id='line_1_23' title="bbox 112 1483 1390 1535; baseline -0.001 -11"><span class='ocrx_word' id='word_1_139' title='bbox 112 1486 174 1524; x_wconf 89' lang='lat' dir='ltr'>LI.</span> <span class='ocrx_word' id='word_1_140' title='bbox 204 1485 294 1524; x_wconf 88' lang='lat' dir='ltr'>Non</span> <span class='ocrx_word' id='word_1_141' title='bbox 313 1486 445 1524; x_wconf 79' lang='lat' dir='ltr'>etiam.</span> <span class='ocrx_word' id='word_1_142' title='bbox 482 1485 563 1524; x_wconf 91' lang='lat' dir='ltr'>LE.</span> <span class='ocrx_word' id='word_1_143' title='bbox 595 1485 716 1524; x_wconf 74' lang='lat' dir='ltr'>Non?</span> <span class='ocrx_word' id='word_1_144' title='bbox 742 1486 849 1535; x_wconf 88' lang='lat' dir='ltr'>hem,</span> <span class='ocrx_word' id='word_1_145' title='bbox 875 1487 909 1524; x_wconf 82' lang='lat' dir='ltr'>si</span> <span class='ocrx_word' id='word_1_146' title='bbox 925 1484 1030 1524; x_wconf 88' lang='lat' dir='ltr'>uelis</span> <span class='ocrx_word' id='word_1_147' title='bbox 1048 1484 1159 1534; x_wconf 88' lang='lat' dir='ltr'>dare,</span> <span class='ocrx_word' id='word_1_148' title='bbox 1184 1483 1390 1523; x_wconf 78' lang='lat' dir='ltr'>commoda</span> 
     </span>
     <span class='ocr_line' id='line_1_24' title="bbox 720 1551 1388 1589; baseline 0 -1"><span class='ocrx_word' id='word_1_149' title='bbox 720 1551 875 1588; x_wconf 86' lang='lat' dir='ltr'>homini</span> <span class='ocrx_word' id='word_1_150' title='bbox 893 1552 1031 1589; x_wconf 77' lang='lat' dir='ltr'>amico.</span> <span class='ocrx_word' id='word_1_151' title='bbox 1323 1554 1388 1589; x_wconf 70' lang='lat'>445</span> 
     </span>
    </p>

    <p class='ocr_par' dir='ltr' id='par_1_18' title="bbox 113 1613 1377 1731">
     <span class='ocr_line' id='line_1_25' title="bbox 113 1613 1377 1666; baseline -0.002 -10"><span class='ocrx_word' id='word_1_152' title='bbox 113 1613 208 1656; x_wconf 88' lang='lat' dir='ltr'>ME.</span> <span class='ocrx_word' id='word_1_153' title='bbox 247 1617 360 1656; x_wconf 87' lang='lat' dir='ltr'>Perii</span> <span class='ocrx_word' id='word_1_154' title='bbox 384 1615 550 1655; x_wconf 76' lang='lat' dir='ltr'>hercle:</span> <span class='ocrx_word' id='word_1_155' title='bbox 588 1617 666 1654; x_wconf 88' lang='lat' dir='ltr'>iam</span> <span class='ocrx_word' id='word_1_156' title='bbox 689 1616 756 1653; x_wconf 87' lang='lat' dir='ltr'>hic</span> <span class='ocrx_word' id='word_1_157' title='bbox 782 1628 846 1653; x_wconf 90' lang='lat' dir='ltr'>me</span> <span class='ocrx_word' id='word_1_158' title='bbox 872 1615 1056 1666; x_wconf 73' lang='lat' dir='ltr'>abegerit</span> <span class='ocrx_word' id='word_1_159' title='bbox 1079 1628 1150 1653; x_wconf 92' lang='lat' dir='ltr'>suo</span> <span class='ocrx_word' id='word_1_160' title='bbox 1177 1614 1282 1654; x_wconf 78' lang='lat' dir='ltr'>odio.</span> <span class='ocrx_word' id='word_1_161' title='bbox 1325 1615 1377 1653; x_wconf 72' lang='lat' dir='ltr'>L!</span> 
     </span>
     <span class='ocr_line' id='line_1_26' title="bbox 722 1682 1138 1731; baseline 0.002 -12"><span class='ocrx_word' id='word_1_162' title='bbox 722 1682 849 1731; x_wconf 88' lang='lat' dir='ltr'>Heus,</span> <span class='ocrx_word' id='word_1_163' title='bbox 866 1683 945 1719; x_wconf 83' lang='lat' dir='ltr'>iam</span> <span class='ocrx_word' id='word_1_164' title='bbox 961 1684 1057 1720; x_wconf 82' lang='lat' dir='ltr'>satis</span> <span class='ocrx_word' id='word_1_165' title='bbox 1074 1686 1138 1720; x_wconf 90' lang='lat' dir='ltr'>tu:</span> 
     </span>
    </p>

    <p class='ocr_par' dir='ltr' id='par_1_19' title="bbox 113 1746 1389 1864">
     <span class='ocr_line' id='line_1_27' title="bbox 113 1746 1389 1801; baseline -0.003 -13"><span class='ocrx_word' id='word_1_166' title='bbox 113 1748 248 1788; x_wconf 75' lang='lat' dir='ltr'>Audin</span> <span class='ocrx_word' id='word_1_167' title='bbox 267 1762 369 1801; x_wconf 85' lang='lat' dir='ltr'>quae</span> <span class='ocrx_word' id='word_1_168' title='bbox 385 1748 596 1801; x_wconf 73' lang='lat' dir='ltr'>loquitur?</span> <span class='ocrx_word' id='word_1_169' title='bbox 635 1747 716 1786; x_wconf 91' lang='lat' dir='ltr'>LE.</span> <span class='ocrx_word' id='word_1_170' title='bbox 739 1746 871 1785; x_wconf 66' lang='lat' dir='ltr'>Audio</span> <span class='ocrx_word' id='word_1_171' title='bbox 890 1752 931 1785; x_wconf 89' lang='lat' dir='ltr'>et</span> <span class='ocrx_word' id='word_1_172' title='bbox 950 1747 1126 1798; x_wconf 76' lang='lat' dir='ltr'>quiesco.</span> <span class='ocrx_word' id='word_1_173' title='bbox 1164 1747 1257 1786; x_wconf 86' lang='lat' dir='ltr'>ME.</span> <span class='ocrx_word' id='word_1_174' title='bbox 1279 1746 1389 1785; x_wconf 80' lang='lat' dir='ltr'>Tan-</span> 
     </span>
     <span class='ocr_line' id='line_1_28' title="bbox 721 1812 975 1864; baseline -0.004 -13"><span class='ocrx_word' id='word_1_175' title='bbox 721 1812 811 1851; x_wconf 87' lang='lat' dir='ltr'>dem</span> <span class='ocrx_word' id='word_1_176' title='bbox 830 1815 975 1864; x_wconf 79' lang='lat' dir='ltr'>opinor</span> 
     </span>
    </p>

    <p class='ocr_par' dir='ltr' id='par_1_20' title="bbox 114 1877 1389 1982">
     <span class='ocr_line' id='line_1_29' title="bbox 114 1877 1389 1931; baseline -0.002 -13"><span class='ocrx_word' id='word_1_177' title='bbox 114 1880 341 1919; x_wconf 73' lang='lat' dir='ltr'>Conticuitx</span> <span class='ocrx_word' id='word_1_178' title='bbox 380 1894 487 1920; x_wconf 88' lang='lat' dir='ltr'>nunc</span> <span class='ocrx_word' id='word_1_179' title='bbox 518 1879 658 1919; x_wconf 85' lang='lat' dir='ltr'>adeam</span> <span class='ocrx_word' id='word_1_180' title='bbox 689 1881 935 1931; x_wconf 73' lang='lat' dir='ltr'>optumumst</span> <span class='ocrx_word' id='word_1_181' title='bbox 963 1878 1077 1930; x_wconf 88' lang='lat' dir='ltr'>prius</span> <span class='ocrx_word' id='word_1_182' title='bbox 1103 1890 1221 1929; x_wconf 88' lang='lat' dir='ltr'>quam</span> <span class='ocrx_word' id='word_1_183' title='bbox 1245 1877 1389 1929; x_wconf 80' lang='lat' dir='ltr'>incipit</span> 
     </span>
     <span class='ocr_line' id='line_1_30' title="bbox 716 1945 880 1982; baseline 0 0"><span class='ocrx_word' id='word_1_184' title='bbox 716 1945 880 1982; x_wconf 80' lang='lat' dir='ltr'>tinnire.</span> 
     </span>
    </p>

    <p class='ocr_par' dir='ltr' id='par_1_21' title="bbox 113 2008 1386 2114">
     <span class='ocr_line' id='line_1_31' title="bbox 113 2008 1386 2064; baseline -0.004 -15"><span class='ocrx_word' id='word_1_185' title='bbox 113 2011 241 2059; x_wconf 79' lang='lat' dir='ltr'>Quam</span> <span class='ocrx_word' id='word_1_186' title='bbox 271 2014 362 2051; x_wconf 77' lang='lat' dir='ltr'>mox</span> <span class='ocrx_word' id='word_1_187' title='bbox 384 2012 484 2051; x_wconf 91' lang='lat' dir='ltr'>mihi</span> <span class='ocrx_word' id='word_1_188' title='bbox 514 2010 710 2064; x_wconf 71' lang='lat' dir='ltr'>operam?</span> <span class='ocrx_word' id='word_1_189' title='bbox 760 2010 839 2048; x_wconf 87' lang='lat' dir='ltr'>LE.</span> <span class='ocrx_word' id='word_1_190' title='bbox 871 2009 1021 2058; x_wconf 88' lang='lat' dir='ltr'>Ehem,</span> <span class='ocrx_word' id='word_1_191' title='bbox 1055 2008 1239 2059; x_wconf 76' lang='lat' dir='ltr'>optume:</span> <span class='ocrx_word' id='word_1_192' title='bbox 1270 2019 1386 2058; x_wconf 82' lang='lat' dir='ltr'>quam</span> 
     </span>
     <span class='ocr_line' id='line_1_32' title="bbox 719 2073 1181 2114; baseline -0.009 0"><span class='ocrx_word' id='word_1_193' title='bbox 719 2074 870 2114; x_wconf 61' lang='lat' dir='ltr'>dudum</span> <span class='ocrx_word' id='word_1_194' title='bbox 889 2080 934 2113; x_wconf 93' lang='lat' dir='ltr'>tu</span> <span class='ocrx_word' id='word_1_195' title='bbox 950 2073 1151 2112; x_wconf 83' lang='lat' dir='ltr'>aduenisti</span> <span class='ocrx_word' id='word_1_196' title='bbox 1162 2073 1181 2110; x_wconf 70' lang='grc' dir='ltr'>’.ἔ</span> 
     </span>
    </p>

    <p class='ocr_par' dir='ltr' id='par_1_22' title="bbox 112 2139 1387 2195">
     <span class='ocr_line' id='line_1_33' title="bbox 112 2139 1387 2195; baseline -0.005 -14"><span class='ocrx_word' id='word_1_197' title='bbox 112 2142 202 2181; x_wconf 87' lang='lat' dir='ltr'>Non</span> <span class='ocrx_word' id='word_1_198' title='bbox 220 2141 365 2181; x_wconf 75' lang='lat' dir='ltr'>hercle</span> <span class='ocrx_word' id='word_1_199' title='bbox 382 2147 423 2181; x_wconf 90' lang='lat' dir='ltr'>te</span> <span class='ocrx_word' id='word_1_200' title='bbox 440 2141 721 2195; x_wconf 83' lang='lat' dir='ltr'>prouideram:</span> <span class='ocrx_word' id='word_1_201' title='bbox 755 2143 904 2192; x_wconf 71' lang='lat' dir='ltr'>quaeso</span> <span class='ocrx_word' id='word_1_202' title='bbox 921 2152 972 2178; x_wconf 89' lang='lat' dir='ltr'>ne</span> <span class='ocrx_word' id='word_1_203' title='bbox 989 2140 1089 2178; x_wconf 91' lang='lat' dir='ltr'>uitio</span> <span class='ocrx_word' id='word_1_204' title='bbox 1108 2139 1259 2177; x_wconf 75' lang='lat' dir='ltr'>udrtas.</span> <span class='ocrx_word' id='word_1_205' title='bbox 1319 2143 1387 2176; x_wconf 81' lang='lat'>450</span> 
     </span>
    </p>

    <p class='ocr_par' dir='ltr' id='par_1_23' title="bbox 111 2203 1383 2260">
     <span class='ocr_line' id='line_1_34' title="bbox 111 2203 1383 2260; baseline -0.004 -15"><span class='ocrx_word' id='word_1_206' title='bbox 111 2208 172 2246; x_wconf 85' lang='lat' dir='ltr'>Ita</span> <span class='ocrx_word' id='word_1_207' title='bbox 194 2206 403 2246; x_wconf 74' lang='lat' dir='ltr'>iracundia</span> <span class='ocrx_word' id='word_1_208' title='bbox 425 2208 586 2260; x_wconf 78' lang='lat' dir='ltr'>opstitit</span> <span class='ocrx_word' id='word_1_209' title='bbox 603 2205 744 2247; x_wconf 34' lang='lat' dir='ltr'>oculis,</span> <span class='ocrx_word' id='word_1_210' title='bbox 791 2207 884 2246; x_wconf 81' lang='lat' dir='ltr'>ME.</span> <span class='ocrx_word' id='word_1_211' title='bbox 915 2205 1006 2244; x_wconf 87' lang='lat' dir='ltr'>Non</span> <span class='ocrx_word' id='word_1_212' title='bbox 1021 2205 1167 2243; x_wconf 88' lang='lat' dir='ltr'>mirum</span> <span class='ocrx_word' id='word_1_213' title='bbox 1181 2203 1383 2242; x_wconf 69' lang='lat' dir='ltr'>factumst.</span> 
     </span>
    </p>

    <p class='ocr_par' dir='ltr' id='par_1_24' title="bbox 113 2269 1385 2321">
     <span class='ocr_line' id='line_1_35' title="bbox 113 2269 1385 2321; baseline -0.004 -11"><span class='ocrx_word' id='word_1_214' title='bbox 113 2272 185 2310; x_wconf 81' lang='lat' dir='ltr'>Set</span> <span class='ocrx_word' id='word_1_215' title='bbox 196 2274 230 2311; x_wconf 78' lang='lat' dir='ltr'>si</span> <span class='ocrx_word' id='word_1_216' title='bbox 241 2271 390 2312; x_wconf 85' lang='lat' dir='ltr'>domist</span> <span class='ocrx_word' id='word_1_217' title='bbox 399 2273 693 2313; x_wconf 74' lang='lat' dir='ltr'>Demaenetum</span> <span class='ocrx_word' id='word_1_218' title='bbox 704 2271 904 2312; x_wconf 77' lang='lat' dir='ltr'>uolebam.</span> <span class='ocrx_word' id='word_1_219' title='bbox 917 2271 999 2310; x_wconf 90' lang='lat' dir='ltr'>LE.</span> <span class='ocrx_word' id='word_1_220' title='bbox 1013 2269 1048 2309; x_wconf 67' lang='lat' dir='ltr'>N</span> <span class='ocrx_word' id='word_1_221' title='bbox 1053 2275 1143 2321; x_wconf 82' lang='lat' dir='ltr'>egat</span> <span class='ocrx_word' id='word_1_222' title='bbox 1156 2281 1246 2308; x_wconf 87' lang='lat' dir='ltr'>esse</span> <span class='ocrx_word' id='word_1_223' title='bbox 1258 2270 1385 2307; x_wconf 78' lang='lat' dir='ltr'>intus:</span> 
     </span>
    </p>
   </div>
  </div>
 </body>
</html>
