1511 2502
95 167 337 203 [1418—45
512 154 934 196 TRINVMMVS.
1278 154 1360 195 293

1002 241 1032 253 ..χ

91 269 225 309 Minas
243 270 509 322 quadraginta
526 269 757 320 accepstine
776 281 797 305 a
813 267 986 306 Callicle
1291 272 1360 306 420

89 336 143 375 Et
158 335 230 374 ille
249 336 360 374 ac‘dis
377 334 588 385 mancupio
605 336 675 385 ops
691 337 733 372 te
751 333 938 384 accepit?
981 332 1064 372 LE.
1097 320 1162 371 Ad
1182 331 1357 371 modum.

89 403 175 443 PH.
206 402 283 442 Pol
304 405 424 455 opino
441 401 585 440 adfinis
602 402 744 439 noster
762 400 874 439 aedis
890 399 1091 440 uendidit.

88 467 212 507 Pator
233 481 352 520 quom
368 479 544 519 peregre
560 466 714 516 ueniet,
738 467 780 504 iu
797 468 957 518 portast
973 463 1110 503 locus:

88 533 175 572 Nisi
190 534 299 572 sorte
315 534 357 570 in
373 536 562 571 uentrem
578 530 668 570 filio
686 531 956 583 conre‘pserit.

89 597 170 638 ST.
205 598 449 648 Trapezitae
472 596 583 636 mille
603 596 925 646 drachumarum,
945 594 1072 647 [olim]
1094 593 1338 647 011'1mpicho

89 664 195 712 Quas
213 662 264 701 de
280 663 439 701 ratione
457 661 649 712 debuisti,
668 660 868 700 redditae.
1290 665 1358 700 426

91 726 186 780 {Pro
204 728 423 779 sponsione
439 727 572 778 miper
590 740 707 778 quam
723 730 768 764 tu
784 728 948 764 exactus
966 725 1041 777 es.]

88 791 167 833 LE.
198 793 355 845 Nempe
374 795 471 845 quas
497 790 728 845 spopondi?
775 791 855 830 ST.
885 792 1007 829 Immo
1029 793 1143 842 ‘quas
1162 788 1355 841 dependi’

696 857 854 907 inquito
1289 860 1357 895 427

91 923 168 963 Pro
184 921 258 962 illo
279 921 557 973 adulescente,
576 923 695 974 que'm
710 927 755 960 tu
772 933 862 960 esse
881 922 990 960 aibas
1006 919 1188 960 diuitem.

87 988 169 1028 LE.
191 989 373 1028 Factum.
403 988 482 1028 ST.
503 977 560 1026 Vt
577 987 741 1039 quidem
755 985 851 1025 illut
866 987 1051 1038 porierit.
1083 986 1165 1027 LE.
1186 986 1354 1027 Factum

695 1051 737 1090 1'd
754 1056 975 1103 quoquest:

88 1116 188 1155 Nam
201 1117 309 1155 minc
327 1129 418 1155 eum
434 1116 520 1155 uidi
536 1118 730 1155 miserum
747 1121 789 1155 et
804 1129 868 1155 me
887 1117 974 1156 eius
989 1117 1266 1156 miseritumst.
1290 1121 1359 1156 430

88 1181 170 1221 ST.
201 1182 378 1220 Miseret
397 1186 439 1220 te
455 1180 641 1232 aliorum,
658 1180 717 1220 tui
735 1194 812 1221 nec
826 1182 997 1220 miseret
1011 1182 1087 1220 noc
1102 1181 1242 1234 pudet.

86 1247 172 1286 PH.
206 1247 407 1299 Tempust
431 1246 620 1288 adeundi.
664 1247 745 1287 LE.
776 1237 903 1286 Estne
929 1249 996 1286 hic
1021 1246 1160 1287 Philto
1188 1248 1257 1299 qui
1288 1246 1357 1286 od-

695 1313 838 1351 uenit?

87 1377 123 1414 Is
140 1376 323 1415 horclest
338 1377 461 1428 ipsus.
507 1376 588 1416 ST.
620 1366 781 1429 Edepol
795 1389 847 1415 ne
865 1390 940 1429 ego
957 1378 1079 1416 istn'tm
1095 1376 1219 1416 uelim

87 1441 229 1479 Meum
244 1442 340 1480 fieri
357 1454 519 1480 seruom
535 1443 625 1480 cum
641 1455 712 1481 suo
729 1441 905 1494 peculio.

87 1506 173 1545 PH.
203 1507 331 1546 Erum
347 1510 468 1558 atque
486 1520 648 1546 seruom
661 1507 894 1560 plurumum
909 1507 1047 1547 Philto
1064 1509 1179 1547 iubet
1290 1513 1356 1548 430

88 1572 274 1627 Saluore,
289 1573 561 1612 Lesbonicum
577 1579 620 1613 et
636 1574 865 1614 Stasimum.
907 1574 990 1613 LE.
1021 1574 1071 1613 Di
1087 1573 1204 1612 duint

88 1638 197 1688 Tibi,
213 1637 366 1690 Philto,
389 1652 697 1692 quaequomque
715 1642 844 1692 optes.
877 1639 976 1691 quid
992 1640 1074 1690 agit
1090 1638 1204 1678 fi'lius
1215 1639 1235 1677 ‘3

86 1703 173 1741 ΡΗ.
204 1704 316 1742 Bene
338 1702 428 1742 uolt
450 1705 538 1743 tibi.
583 1705 666 1745 LE.
696 1704 859 1758 Edepol
875 1706 1055 1744 mutuom
1069 1706 1229 1744 mecum
1244 1705 1354 1745 facit.

89 1767 168 1806 ST.
198 1769 381 1820 Nequam
403 1769 495 1808 illut
518 1771 730 1809 uerbumst
756 1772 877 1809 ‘bene
901 1769 1021 1821 uolt',
1046 1771 1125 1809 nisi
1152 1770 1221 1821 qui
1250 1771 1356 1808 be'ne

691 1836 803 1877 facit.

87 1896 174 1946 Ego
194 1898 352 1948 quoque
368 1899 461 1939 uolo
479 1912 569 1938 esse
587 1899 715 1939 liber:
747 1902 996 1953 nequiquam
1010 1900 1117 1940 uolo.
1288 1906 1357 1940 440

87 1959 166 1998 Hic
181 1960 360 2011 postulet
375 1964 481 2015 frugi
499 1965 610 2004 esse:
639 1978 764 2017 nugas
780 1966 974 2018 postulet.

87 2024 174 2064 PH.
206 2025 326 2064 Meus
343 2030 485 2077 gnatus
504 2042 569 2068 me
586 2029 636 2068 ad
649 2035 692 2069 te
709 2032 831 2081 misit,
847 2032 957 2070 inter
973 2035 1016 2070 te
1032 2034 1154 2083 atque
1169 2044 1244 2070 nos

87 2088 357 2128 Adsinitatem
371 2095 416 2129 ut
430 2093 693 2133 conciliarem
709 2101 752 2134 et
768 2097 950 2147 gratiam.

89 2154 218 2193 Tuam
234 2153 322 2193 uolt
337 2168 521 2196 sororem
538 2158 690 2199 ducere
706 2174 894 2200 uxorem:
928 2163 969 2201 et
984 2163 1084 2200 mihi

89 2219 302 2258 Sentontia
327 2219 510 2260 eademst
534 2224 575 2262 e't
593 2224 698 2264 uolo.
742 2226 824 2266 LE.
856 2228 948 2266 Hau
970 2228 1095 2266 nosco
1112 2231 1246 2266 tuum:
1289 2231 1355 2266 445

86 2284 210 2323 Bonis
227 2286 307 2324 tuis
323 2286 448 2325 rebus
463 2285 574 2326 meas
590 2301 658 2328 res
673 2290 831 2330 inrides
846 2290 982 2330 malas.
