1511 2502
181 127 240 159 XII
613 129 820 162 EPISTVLA
845 129 953 162 CRITI
958 130 1010 163 CA

181 230 340 260 rationem
365 228 465 261 habet
489 239 589 269 quam
613 231 729 262 anulus
755 231 796 262 ad
819 242 935 262 annum
950 255 958 268 ‚
999 232 1115 263 uilicus
1140 232 1181 263 ad
1206 233 1332 270 uillam,
1362 232 1447 263 mflm

181 274 223 306 ad
247 275 350 313 mille,
385 274 475 315 quod
497 284 603 317 genus
630 276 727 307 etiam
753 276 851 307 latins
876 282 989 318 patere
1015 277 1172 308 arbitror:
1206 288 1315 309 rusum
1339 287 1446 309 susum

178 329 311 360 prosum
347 329 430 360 quas
464 319 589 352 formas
627 330 675 352 'rv
708 320 857 352 Plautino
895 323 1038 352 sermoni
1074 323 1242 353 evidenter
1272 322 1448 354 vindicasti

182 369 371 397 constanter
395 365 532 404 reduxi,
566 366 630 396 nisi
655 365 745 406 quod
766 366 888 408 Amph.
907 366 994 399 1112
1017 377 1146 399 rursum
1170 368 1288 407 reliqui
1312 373 1446 408 propter

178 419 270 449 iuxta
300 417 448 459 positum
476 426 624 455 norsum,
663 427 728 457 qua
761 417 801 449 de
838 427 939 450 causa
965 419 1063 449 etiam
1090 418 1182 460 Capt.
1198 417 1265 452 656
1288 424 1446 450 sursum

179 478 344 504 norsum
373 466 530 503 intactum
557 471 718 503 debebam
744 472 939 512 relinquere.
967 474 993 504 tz'
1013 483 1072 515 pro
1098 474 1129 505 ci
1150 475 1280 506 servavi
1303 474 1335 506 in
1352 474 1448 505 indu-

177 523 244 553 tiae
279 522 402 562 infitior
437 525 468 551 et
505 521 629 560 infitias
663 522 792 552 nuntius
820 524 923 553 contio
948 523 1091 554 conditio
1115 524 1251 563 suspitio
1277 524 1446 554 conuitium

176 567 348 598 vocabulis
375 575 514 606 quorum
541 565 581 597 de
602 566 754 607 plurimis
780 566 843 597 alio
869 567 940 598 loco
966 568 1149 599 accuratius
1174 568 1333 606 disserui,
1366 569 1442 598 item

177 614 209 643 in
241 613 342 644 setius
376 612 470 642 cuius
500 611 659 643 vicariam
685 611 824 642 formam
847 614 966 644 sectius
990 613 1150 644 Varronis
1174 613 1363 645 testimonio
1388 613 1443 644 fir-

176 662 299 689 matam
325 665 374 690 'tv
398 656 539 697 palmari
566 657 796 688 emendatione
818 657 906 688 Trin.
925 656 991 690 130
1013 658 1196 689 restituisti.
1211 668 1270 700 pro
1286 668 1326 700 qu
1339 659 1444 700 scrip-

175 709 245 735 tum
277 707 326 734 est
356 712 374 733 0
403 702 436 733 111
461 701 578 733 cotidie
605 707 636 733 et
659 702 843 734 cotidianus
868 708 899 734 et
923 704 1062 735 relicuos
1089 704 1129 734 de
1155 704 1275 743 quibus
1303 704 1443 744 scriptu-

176 749 219 779 ris
248 749 280 779 in
312 747 435 789 vulgus
470 752 614 785 constat,
654 752 685 779 et
709 748 741 778 111
767 757 863 779 casso
887 757 946 789 pro
974 758 1105 790 quasso.
1133 758 1151 780 s
1173 758 1232 789 pro
1256 758 1282 780 ω
1308 749 1442 790 reposui

175 801 208 831 in
233 800 391 837 sescenti,
418 799 647 839 reponendum
674 799 779 830 fuisse
803 808 876 830 sero
901 800 970 831 vidi
996 801 1027 831 in
1051 792 1266 844 pausillum
1293 806 1324 832 et
1346 805 1444 845 per-

174 846 390 900 pausillum
421 853 513 895 Capt.
537 851 602 887 176
633 859 664 885 et
698 851 781 892 177,
813 855 844 885 in
883 847 1138 899 pausillulam
1168 861 1198 887 et
1234 847 1441 900 pausilluli

174 910 259 945 Rud,
277 907 344 942 729
370 914 401 940 et
426 907 504 947 997,
531 910 563 940 in
593 901 840 953 pausillatim
869 908 954 939 Rud.
970 907 1055 942 929:
1087 920 1147 950 pro
1170 920 1188 941 c
1211 910 1368 951 scriptum
1392 914 1442 940 est

173 960 205 990 in
231 967 414 990 snseenseo.
440 959 674 999 pronominum
699 957 824 989 formas
847 959 981 999 quicque
1006 963 1036 989 et
1064 959 1233 1000 quicquam
1249 958 1365 1000 scripsi
1382 967 1441 999 per

173 1014 208 1042 c,
244 1003 403 1046 quidquid
423 1012 483 1044 per
507 1003 546 1040 d,
583 1003 642 1034 sed
671 1008 860 1034 constanter
884 1003 1076 1044 nequiquam
1098 1003 1289 1045 postulante
1313 1003 1440 1034 ratione

173 1055 204 1080 et
239 1049 520 1080 consentientibus
558 1048 650 1079 libris
682 1053 809 1079 tantum
838 1058 901 1079 non
929 1049 1094 1080 omnibus.
1132 1049 1290 1089 dispenno
1313 1048 1439 1079 formae

173 1094 239 1125 Mil.
258 1092 344 1126 1407
369 1103 429 1134 pro
456 1093 619 1132 dispando
644 1094 709 1124 iani
733 1102 834 1134 supra
856 1094 979 1124 mentio
1004 1093 1090 1125 faeta
1111 1100 1178 1125 est:
1205 1094 1321 1124 eodem
1339 1103 1439 1124 versu

172 1140 344 1171 distennz'te
369 1138 526 1180 seriptum
553 1143 602 1169 est
620 1147 679 1179 pro
698 1137 883 1170 distendile.
912 1138 1037 1169 formae
1055 1137 1220 1180 pieniores
1238 1141 1337 1179 quam
1355 1148 1440 1178 quas

171 1184 305 1226 politior
339 1189 430 1215 aetas
464 1183 618 1224 probavit
651 1188 727 1214 sunt
751 1184 886 1214 inueniat
912 1184 977 1214 Mil.
994 1182 1062 1216 304
1086 1193 1145 1225 pro
1169 1185 1263 1215 iunz'ae
1287 1188 1318 1214 et
1333 1193 1438 1224 prae-

170 1230 263 1262 leibeo
292 1239 351 1271 pro
383 1229 547 1268 praebeo:
580 1228 682 1259 semel
708 1227 915 1269 (Tum-426)
942 1229 1014 1260 libri
1036 1234 1198 1260 testantur
1222 1229 1356 1261 delzz'beo
1377 1239 1439 1270 pro

172 1274 291 1313 debeo,
325 1273 385 1306 sed
417 1274 495 1316 quia
520 1278 725 1304 constantem
752 1274 916 1305 scribendi
941 1274 1101 1305 rationem
1128 1275 1246 1314 exequi
1270 1274 1438 1313 volebam,

170 1320 234 1352 hoc
259 1324 369 1351 autem
392 1319 515 1359 ubique
538 1327 698 1360 reponere
721 1318 800 1350 mihi
824 1319 945 1351 nimiae
970 1319 1130 1351 audaciae
1154 1319 1327 1350 videbatur
1353 1318 1437 1361 (qua

170 1367 202 1397 in
228 1376 262 1396 re
285 1375 373 1396 nunc
396 1373 443 1397 ΤΕ
468 1364 707 1396 adsentientem
736 1364 843 1396 habeo
867 1365 900 1394 in
925 1364 1132 1405 praefatione
1154 1362 1257 1396 Stichi
1281 1375 1313 1406 p.
1329 1364 1434 1406 xvn),

170 1411 225 1442 illo
256 1420 355 1441 versu
385 1409 556 1451 vulgarem
591 1408 731 1440 formam
762 1409 907 1440 restitui:
942 1410 1031 1449 quod
1062 1410 1204 1441 fortasse
1237 1410 1345 1441 facere
1370 1420 1435 1441 non

172 1456 271 1487 debui
296 1456 356 1487 sed
376 1456 488 1496 potius
514 1454 637 1494 ubique
661 1454 794 1486 debibeo
818 1464 958 1495 ponere,
984 1460 1021 1486 ut
1043 1465 1129 1486 1111110
1154 1464 1205 1485 me
1232 1455 1299 1486 fere
1320 1456 1435 1496 paeni-

170 1507 216 1532 tet
247 1501 337 1541 quod
369 1511 433 1531 non
465 1501 589 1539 ubique
621 1500 758 1531 duellum
791 1500 953 1531 duellator
983 1501 1146 1532 Duellona
1175 1501 1354 1541 dzcellz'yero
1384 1511 1435 1531 re-

169 1547 262 1578 stitui
290 1556 349 1588 pro
378 1545 492 1577 bellum
524 1545 665 1576 bellator
689 1545 831 1577 Bellona
856 1545 1022 1587 belligero.
1063 1546 1123 1576 sed
1148 1545 1340 1587 diligentius
1367 1551 1437 1577 toto

170 1592 232 1623 1100
258 1592 328 1623 loco
352 1592 578 1643 pervestigato
604 1590 708 1621 multa
731 1592 830 1621 etiam
854 1591 934 1621 vitia
961 1596 991 1623 et
1007 1591 1227 1632 inelegantiae
1247 1591 1436 1632 aperientur

170 1646 252 1678 quas
277 1638 375 1677 aequi
397 1636 536 1668 leotores
562 1635 659 1667 facile
685 1636 907 1674 excusabunt,
934 1637 1129 1678 praesertim
1153 1646 1243 1674 cum,
1269 1641 1305 1667 ut
1328 1637 1434 1667 veris-

169 1684 252 1714 sime
283 1691 331 1714 'rv
360 1691 467 1734 nuper
500 1681 660 1720 docuisti,
689 1675 821 1722 suapte
855 1686 970 1713 11311113
1001 1691 1064 1713 11011
1097 1686 1163 1712 13111
1190 1682 1287 1712 certis
1311 1681 1434 1712 linibus

168 1728 222 1760 1110
253 1727 345 1760 loeus
371 1728 547 1758 universus
571 1727 835 1768 circumscriptus
860 1727 900 1757 sit
927 1727 1005 1766 quin
1031 1736 1162 1768 semper
1186 1726 1348 1767 quaedam
1373 1736 1432 1758 va-

173 1779 286 1806 *atura
315 1773 379 1804 sint
413 1773 547 1804 liberius
579 1782 664 1812 qnae
694 1772 792 1803 unius
817 1781 951 1803 normae
975 1773 1151 1804 severitate
1175 1772 1354 1812 exaequaii
1377 1777 1433 1802 aut

168 1820 252 1851 ratio
282 1823 371 1850 vetet
402 1823 455 1849 aut
490 1818 684 1850 dissuadeat
709 1811 945 1849 commoditas'.
985 1817 1044 1848 sed
1069 1827 1133 1848 non
1157 1818 1250 1848 mitto
1275 1817 1362 1848 hunc
1384 1817 1432 1847 lo-

169 1874 242 1896 cum
273 1868 449 1904 antequam
481 1864 521 1894 de
552 1863 655 1894 altera
687 1863 781 1894 111013
813 1861 936 1894 Graeca
963 1873 981 1894 z
1007 1872 1104 1902 quam
1131 1872 1161 1893 s
1159 1862 1271 1903 ptimo
1298 1862 1430 1893 demum

169 1920 198 1941 a.
214 1921 246 1940 u.
265 1919 290 1941 0.
311 1908 443 1940 saeculo
471 1918 576 1948 eoque
603 1913 743 1940 exeunte
761 1908 891 1939 relicuis
910 1908 1018 1939 denuo
1037 1908 1198 1939 adiectam
1217 1916 1291 1938 esse
1308 1907 1431 1938 scimus

168 1955 363 1986 sententiam
398 1963 504 1984 meam
536 1962 605 1985 'nm
635 1963 861 1995 proposuero,
900 1963 973 1984 011111
1003 1953 1127 1993 aliquot
1156 1952 1188 1983 iu
1221 1952 1285 1983 1100
1309 1962 1430 1994 genere

168 2004 304 2042 peccata
335 1999 510 2030 admisisse
535 1999 650 2030 videar
674 2008 759 2038 quae
784 1999 984 2030 correctione
1007 1998 1189 2040 indigeant.
1216 1997 1304 2028 illam
1329 1998 1432 2039 igltur

168 2046 294 2077 literam
334 2045 374 2076 ab
406 2044 480 2085 ipso
511 2043 626 2075 Plauto
657 2054 721 2075 nou
753 2054 826 2075 esse
860 2043 1043 2075 adhibitam
1075 2048 1196 2074 certum
1230 2047 1296 2073 est:
1342 2047 1429 2074 extat

168 2096 277 2123 autem
311 2091 342 2121 in
374 2090 495 2120 nostris
525 2088 618 2120 libiis
640 2089 672 2120 in
696 2098 781 2121 zona
807 2099 881 2120 cum
904 2090 1060 2121 zonarius
1083 2089 1188 2120 zamia
1213 2088 1340 2119 Zeuoez's
1363 2088 1430 2118 Za-

167 2136 302 2178 cynthus
327 2135 443 2167 badizo
468 2135 632 2173 trapezita
652 2134 823 2166 vocabulis
844 2144 927 2175 quae
945 2135 1095 2175 quidem,
1122 2143 1195 2165 cum
1213 2132 1428 2164 Priscianus]

166 2192 199 2225 p
216 2180 279 2214 561
305 2180 425 2212 referat
445 2173 588 2211 veteres
611 2189 670 2221 pio
695 2177 714 2217 ζ
735 2190 752 2211 s
773 2180 825 2212 vel
851 2180 875 2211 d
896 2180 1050 2221 posuisse
1074 2178 1270 2220 Sayuntbtmz
1297 2176 1352 2219 [an
1365 2177 1428 2208 Sa·

167 2227 319 2263 canthus,
357 2231 392 2257 ut
428 2225 663 2267 grammaticus
699 2227 791 2266 ipsos
823 2234 938 2257 versus
969 2224 1159 2256 Mercatoris
1192 2223 1362 2254 Plautinae
1387 2222 1428 2253 111

168 2273 189 2304 4
214 2271 257 2306 62
290 2272 320 2303 V
344 2270 366 2304 2
390 2268 434 2304 99
460 2269 526 2302 102
563 2270 594 2302 in
633 2275 741 2301 mente
776 2268 966 2311 habuerit?]
996 2280 1106 2302 massa
1137 2278 1197 2310 pro
1232 2261 1429 2304 Ζακυνθος
