1511 2502
106 114 332 148 v11--15
500 101 978 142 AMPHITRVO.
1321 100 1373 142 53

541 514 823 575 AGTvS
882 513 932 572 V.

436 638 652 676 Bnomm.
712 638 1036 675 AMPm'ero.

106 741 184 780 BR.
231 740 333 792 Spes
372 743 494 791 atque
534 751 633 791 opes
673 739 784 776 uitae
814 750 928 776 meae
960 738 1095 776 iacent
1120 737 1303 791 sepultae
1329 739 1369 777 in

704 805 876 856 pectore

103 872 244 923 Neque
264 872 382 912 [illast
399 871 646 912 confidentia
661 872 704 908 in
720 883 811 908 meo
830 869 954 908 cdrde
966 899 977 921 ,
1004 871 1100 921 quin
1118 871 1334 909 amiserim.

103 938 161 975 Ita
177 939 274 976 mihi
290 938 483 977 uidentur
502 938 635 976 &mnia
647 965 659 988 ‚
676 948 809 986 mare,
825 936 962 986 terra,
989 936 1144 975 caelum
1161 938 1369 988 cdnsequi‚

103 1004 182 1041 Iam
207 1008 251 1042 ut
277 1005 504 1056 dpprimar,
535 1007 580 1041 ut
606 1003 757 1040 enicer.
803 1013 867 1039 me
893 1003 1103 1040 miseram:
1136 1002 1234 1053 quid
1259 1015 1372 1052 agam

709 1067 862 1106 nescio.
1282 1073 1372 1107 1056

102 1135 159 1173 lta
176 1137 288 1172 tanta
303 1135 405 1172 mira
419 1134 462 1171 in
479 1132 647 1171 aedibus
664 1136 758 1170 sunt
773 1133 901 1170 facta:
932 1144 1007 1170 uae
1025 1133 1199 1171 miserae
1215 1134 1326 1173 mihi.

103 1201 246 1239 Animd
272 1201 439 1251 malest,
466 1202 610 1251 aquam
627 1198 773 1237 uelim:
803 1200 1039 1251 corri'impta
1055 1211 1143 1237 sum
1161 1203 1283 1250 atque
1302 1212 1371 1251 ap-

705 1265 865 1316 si'impta
880 1277 979 1304 sum.

102 1333 237 1383 Caput
253 1330 367 1369 dolet
382 1343 518 1382 neque
536 1329 656 1369 audio
674 1343 810 1382 neque
827 1330 954 1369 dculis
969 1333 1176 1384 prospicid
1195 1332 1304 1371 satis.

101 1396 187 1436 Nec
202 1399 268 1436 me
283 1398 473 1435 miserior
489 1397 680 1435 feminast
694 1408 830 1448 neque
846 1396 928 1435 lilla
944 1397 1133 1437 uideatur
1149 1399 1288 1449 magis„

101 1463 160 1501 Ita
184 1464 280 1501 erae
304 1475 419 1502 meae
443 1462 567 1502 hodie
584 1463 779 1513 cdntigit:
808 1476 901 1501 nam
916 1464 984 1501 ubi
1000 1465 1158 1515 partuis
1176 1463 1276 1502 deos
1292 1464 1370 1502 sibi

707 1533 883 1579 inuocat,
1282 1535 1367 1569 1061

157 1593 386 1646 Strepitiis,
405 1595 611 1646 crepitus,
629 1595 786 1633 sonitus
798 1623 810 1644 ,
826 1595 1027 1632 tonitrus:
1059 1594 1192 1632 subito
1210 1595 1256 1633 1‘1t
1273 1607 1369 1646 pro-

705 1672 821 1711 pere,
844 1664 889 1698 ut
906 1659 1041 1699 aalide
1054 1661 1200 1699 tonuit.

99 1725 177 1765 Vbi
195 1727 367 1776 quisque
382 1726 614 1776 institerat,
641 1725 822 1768 cdncidit
839 1727 1020 1778 crepitu:
1047 1727 1105 1764 ibi
1120 1726 1260 1765 nescio
1279 1726 1368 1777 quis

702 1795 884 1830 maxuma

208 1855 322 1895 Vdce
361 1855 576 1895 exclamat:
622 1860 633 1878 Ε
647 1845 892 1908 Alcumena,
924 1858 1040 1897 adest
1074 1858 1284 1908 auxilium,
1315 1859 1368 1896 ne

699 1925 820 1961 time:

207 1973 261 2022 Et
276 1985 352 2023 tibi
370 1990 413 2023 et
427 1988 508 2025 tuis
524 1988 728 2039 propitius
746 1988 849 2027 caeli
866 1988 999 2028 cultor
1015 1989 1193 2029 aduenit.
1277 1995 1365 2030 1065

96 2050 307 2100 Exiirgite'
361 2051 496 2102 inquit
550 2056 638 2104 ‘qui
677 2058 842 2093 terrore
879 2067 972 2093 meo
1015 2054 1223 2094 decidistis
1265 2055 1367 2107 prae

719 2124 866 2160 metu'.

146 2180 203 2219 Vt
226 2181 353 2231 iacui,
385 2193 558 2233 exurgo:
589 2183 738 2223 ardere
764 2187 905 2224 censui
932 2186 1065 2225 aedis:
1094 2188 1152 2226 ita
1167 2192 1254 2227 tum
1271 2190 1365 2228 edn-

696 2250 920 2302 fulgebant.
