1511 2502
127 92 380 128 11475-103
551 80 975 121 TRINVMMVS.
1316 80 1396 121 295

125 196 179 235 Et
195 195 304 247 quod
323 195 380 233 illi
396 194 569 247 placeat,
589 194 836 246 praeripiam
851 196 1138 245 potissumum:

124 259 268 310 Neque
289 259 348 297 illi
366 257 586 298 concedam
604 260 818 308 quicquam
834 258 885 296 de
903 260 986 296 uita
1003 271 1102 298 mea.

124 324 407 364 Vere‘cundari
424 324 627 362 neminem
644 326 740 374 aput
755 326 934 362 mensam
951 323 1092 361 decet:

125 392 159 430 N
163 406 224 430 am
240 393 298 430 ibi
315 391 366 430 de
383 391 531 429 diuinis
549 394 670 441 atque
685 390 870 428 humanis
889 391 1084 429 cernitur.

124 457 209 496 PH.
241 457 343 496 Rem
361 455 557 494 fabulare.
606 455 686 495 ST.
720 456 811 494 Non
828 455 921 494 dolo
941 455 1072 495 dicam
1087 455 1184 494 tibi:
1328 460 1397 495 480

123 521 328 560 Decedam
345 533 419 572 ego
435 519 498 559 illi
516 520 568 558 de
584 521 662 571 uia,
681 520 731 560 de
749 521 905 572 semita,

123 588 182 625 De
197 588 354 625 honore
373 585 533 638 populi:
564 588 708 625 uerum
724 587 833 639 quod
849 588 899 626 ad
914 592 1105 627 uentrem
1121 588 1282 637 attinet,

121 653 158 692 N
160 666 211 692 on
227 653 369 692 hercle
386 655 463 692 hoc
478 653 613 705 longe,
631 655 710 692 nisi
726 666 790 692 me
806 655 953 706 pugnis
969 656 1130 695 uicerit.

122 720 233 759 Cena
248 721 323 759 hac
343 725 541 759 annonast
557 724 643 759 sine
660 722 786 760 sacris
802 720 1026 761 heredjtas.

119 785 206 825 PH.
239 785 412 838 Semper
428 791 473 824 tu
489 786 628 836 facito,
643 786 888 837 Le‘sbonice,
904 788 982 825 hoc
1000 788 1170 838 cogites,
1327 792 1390 827 485

120 853 165 891 Id
181 855 387 905 optumum
404 865 494 891 esse
511 854 599 891 tute
616 854 675 891 uti
692 854 746 891 sis
765 856 971 904 optumus:

120 918 164 956 Si
180 918 223 957 id
239 920 432 970 nequeas,
450 918 593 957 saltem
610 923 654 957 ut
671 919 845 970 optumis
863 919 917 956 sis
935 919 1167 970 proxumus.

118 984 234 1022 Nunc
262 983 540 1023 conditionem
563 985 688 1034 hanc,
715 997 833 1035 quam
859 984 932 1034 ego
957 984 1049 1022 fero
1068 987 1110 1022 et
1131 997 1249 1035 quam
1265 997 1335 1037 aps
1351 985 1393 1023 te

721 1052 834 1100 peto,

119 1113 227 1151 Dare
244 1115 366 1164 atque
383 1114 585 1165 accipere,
601 1112 845 1162 Lesbonice,
862 1114 905 1151 te
921 1112 1029 1152 uolo.

118 1177 168 1216 Di
185 1177 335 1217 diuites
353 1183 459 1229 sunt,
477 1177 576 1217 deos
594 1177 745 1216 decent
761 1176 994 1229 opule'ntiae
1322 1184 1387 1219 49ss

116 1243 170 1281 Et
185 1243 407 1282 factiones:
437 1244 580 1282 uerum
596 1256 669 1282 nos
685 1243 919 1282 homunculi

115 1307 345 1346 Scintfflula
360 1309 529 1359 animae,
547 1311 665 1360 quam
682 1321 803 1359 quom
819 1307 1022 1360 extemplo
1040 1310 1266 1361 emisimus,

123 1376 262 1425 Aequd
279 1373 489 1413 mendicus
505 1377 627 1426 atque
643 1374 713 1413 ille
731 1374 1073 1426 opulentissumus

118 1440 323 1479 Censetur
340 1451 464 1478 censu
480 1439 530 1478 ad
546 1428 826 1480 Acheruntem
842 1443 1035 1480 mortuos.

116 1506 197 1545 ST.
229 1507 305 1556 Au,

117 1571 272 1610 Mirum
289 1573 387 1623 quin
403 1576 448 1610 tu
463 1571 533 1611 illo
549 1572 684 1611 tecum
701 1571 865 1611 diuitias
881 1573 1013 1612 feras:
1318 1579 1385 1615 495

115 1637 198 1677 Vbi
213 1639 394 1676 mortuos
411 1639 480 1688 sis,
497 1639 554 1676 ita
570 1639 624 1676 sis
641 1642 686 1677 ut
701 1639 849 1677 nomen
866 1637 990 1678 cluet.

114 1701 201 1742 PH.
231 1702 347 1741 Nunc
363 1702 408 1741 ut
422 1703 524 1742 scias
540 1703 607 1742 hic
622 1703 824 1743 factiones
841 1707 963 1756 atque
981 1717 1079 1758 opes

113 1767 205 1807 Non
221 1769 311 1808 esse
330 1781 464 1821 neque
480 1782 554 1808 nos
571 1769 679 1809 tuam
693 1769 916 1822 neglegere
933 1772 1122 1822 gratiamz

112 1835 211 1876 Sine
229 1836 324 1876 dote
339 1850 463 1890 posco
480 1836 587 1878 tuam
604 1849 787 1877 sororem
804 1835 907 1876 fflio.

112 1903 224 1952 Quae
240 1905 307 1942 res
323 1905 430 1943 bene
446 1909 592 1944 uortat.
621 1907 782 1946 habeon
798 1912 957 1960 pactam
968 1907 988 1945 ‘3
1020 1906 1119 1959 quid
1135 1911 1248 1946 taces
1259 1908 1279 1946 ’ἒ
1318 1913 1386 1947 500

111 1968 192 2006 ST.
224 1969 304 2008 Pro
323 1969 363 2008 di
384 1970 637 2023 inmortales,
655 1972 932 2012 conditionem
951 1972 1096 2025 quoius
1115 1972 1238 2014 modi.

109 2031 195 2070 PH.
228 2034 334 2082 Quin
350 2035 533 2075 fabulare
549 2036 608 2075 ‘di
622 2039 728 2077 bene
745 2043 929 2078 uortant:
960 2038 1162 2091 spondeo'
1175 2039 1195 2076 ‘3

109 2096 191 2134 ST.
219 2097 350 2149 Eheu,

110 2160 146 2198 V
150 2161 189 2198 bi
206 2161 298 2200 usus
315 2164 418 2203 nihil
435 2168 524 2205 erat
540 2166 610 2218 [ei]
628 2168 752 2220 dicto,
784 2169 1000 2222 ‘spondeo'

109 2224 300 2264 Dicebat:
329 2241 435 2267 nunc
454 2231 534 2280 hic,
556 2245 677 2282 quom
698 2236 797 2285 opus
816 2239 893 2285 est,
909 2248 993 2273 non
1010 2235 1098 2285 quit
1114 2233 1268 2274 dicere.
