1511 2502
128 119 183 160 42
611 120 921 161 PLAVTI
1105 132 1270 166 112216
1332 132 1401 166 230

127 221 187 270 ita
219 245 327 271 nunc
360 233 546 271 homines
581 235 855 284 inmutantur,
887 235 1103 285 postquam
1126 246 1303 285 peregre
1329 233 1399 273 ad—

731 298 928 336 uenimus.

128 362 224 400 AM.
269 361 440 413 Mulier,
457 363 589 400 istanc
604 373 694 400 rem
710 362 945 413 inquisitam
962 363 1160 400 certumst
1183 375 1264 400 non
1282 365 1397 402 amit-

127 481 209 519 AL.
254 471 417 533 Edepol
446 495 510 520 me
542 481 713 521 lubente
729 430 876 520 tfilcies.
936 482 1031 520 AM.
1063 481 1168 531 Quid
1199 482 1286 520 ais?
1329 494 1397 521 re-

732 545 888 598 sponde
904 547 1024 584 mihi:

129 612 236 662 Quid
247 641 258 662 ,
283 613 318 650 si
335 611 490 651 adduco
506 610 617 649 tuum
634 616 850 662 cognatum
865 612 946 650 hnic
963 613 1010 650 ab
1027 613 1121 650 naui
1136 612 1394 662 Naucratem,

129 677 208 725 Qui
222 689 380 714 mecum
395 690 473 715 una
488 677 649 714 uectust
664 689 743 714 una
757 678 872 715 naui:
899 681 1021 727 atque
1037 678 1071 714 is
1087 678 1121 714 si
1140 676 1314 726 denegat
1327 682 1394 716 850

125 743 272 793 Facta,
298 755 400 794 quae
418 748 464 781 tu
477 743 585 781 facta
603 742 703 780 dicis
715 772 726 792 ,
754 742 852 793 quid
868 743 943 780 tibi
960 747 1170 793 aequomst
1184 742 1310 780 fieri?

126 807 333 858 Numquid
348 820 506 845 causam
523 807 639 855 dicis,
658 809 755 857 quin
770 812 812 845 te
829 808 906 845 hoc
924 807 1092 845 multem
1105 807 1362 845 matrimonio
1373 807 1392 844 ‘3

126 872 207 910 AL.
255 872 299 910 Si
329 870 509 923 deliqui,
549 871 663 909 milla
694 877 864 910 causast.
932 871 1029 910 AM.
1073 872 1287 909 Conuenit.
1333 875 1391 921 tu,

728 937 855 985 Sosia,

124 1000 212 1039 Duc
236 1001 310 1038 hos
331 1001 452 1038 intro.
496 1012 570 1051 ego
598 1001 678 1038 hile
701 1002 748 1038 ab
773 1001 867 1038 naui
893 1001 1050 1038 mecum
1075 998 1270 1038 adducam
1283 999 1391 1038 Nail-

727 1068 891 1102 cratem.

125 1130 204 1168 SO.
234 1129 350 1167 Nunc
369 1128 533 1179 quidem
548 1131 717 1180 praeter
733 1142 807 1167 nos
833 1134 1014 1167 nemost:
1047 1128 1111 1166 dic
1130 1130 1229 1168 mihi
1248 1141 1390 1168 uerum

726 1195 849 1244 se'rio,
1320 1200 1388 1234 855

127 1250 277 1310 Ecquis
295 1259 395 1297 alius
415 1258 529 1296 Sdsia
546 1259 699 1309 intust,
726 1261 794 1309 qui
810 1259 888 1295 mei
907 1256 1051 1295 similis
1068 1258 1176 1296 siet?

124 1324 205 1363 AL.
230 1313 336 1362 Abin
359 1325 455 1362 hinc
472 1337 493 1361 a
509 1336 587 1374 me,
614 1322 758 1374 dignus
780 1323 942 1361 domino
961 1322 1134 1361 seruos?
1162 1321 1240 1360 SO.
1257 1322 1387 1372 Abeo,

721 1390 756 1426 si
772 1388 898 1425 iubes.

123 1454 205 1492 AL.
237 1454 364 1492 Nimis
392 1457 552 1491 ecastor
575 1453 731 1491 facinus
756 1453 954 1500 mirumst,
972 1454 1040 1501 qui
1055 1450 1118 1489 illi
1138 1449 1386 1491 conlubit1'un

724 1518 804 1555 siet

124 1582 220 1622 Me'o
237 1583 341 1630 uiro,
359 1582 416 1620 sic
433 1594 497 1620 me
515 1581 748 1620 insimulare
765 1580 868 1620 falso
887 1581 1042 1619 facinus
1052 1582 1132 1618 tam
1144 1578 1302 1617 malum.
1320 1586 1386 1621 859

124 1646 332 1699 Quidquid
343 1651 419 1697 est,
433 1647 513 1685 iam
524 1659 572 1688 ex
583 1647 786 1687 Naucrate
798 1646 841 1685 id
853 1649 1022 1698 cognato
1035 1648 1273 1697 cognoscam
1283 1659 1385 1684 meo.
