1511 2502
60 128 305 166 111316-41
438 116 954 156 BACCHIDES.
1281 115 1332 157 75

60 234 131 275 Set
149 239 191 272 tu
208 233 276 284 qui
291 244 365 284 pro
383 233 464 270 tam
480 233 717 280 conrumpto
737 227 838 266 dicis
855 241 1034 266 caussam
1050 227 1155 278 filio,
1263 233 1331 268 420

59 289 266 337 Eademne
293 300 381 335 erat
405 296 506 334 haec
530 293 744 345 disciplina
767 294 857 343 tibi,
890 306 1010 344 quom
1027 299 1072 332 tu
1088 291 1329 332 adulescens

661 360 782 398 eras?

59 432 171 481 Nego
188 431 263 469 tibi
279 430 357 467 hoc
374 429 486 466 annis
503 426 649 477 uiginti
665 424 790 463 fuisse
810 426 952 477 primis
970 427 1124 477 cdpiae,

58 496 235 546 Digitum
253 495 373 544 longe
392 507 413 530 a
429 491 662 544 paedagogo
678 489 827 542 pedem
843 494 887 528 ut
903 489 1086 528 ecferres
1105 489 1285 529 aedibus.

57 550 102 598 id
132 573 250 611 quom
279 559 504 610 optigerat,
537 557 614 594 hdc
640 556 762 594 etiam
787 554 837 592 ad
865 554 1013 595 malum
1043 556 1327 594 arcessebatur

662 620 829 660 malum:

58 683 109 731 Et
127 690 347 743 discipulus
364 692 405 729 et
424 691 617 741 magister
635 690 958 741 perhibebantur
975 690 1149 741 inprobi.
1259 694 1325 728 425

59 747 165 796 Ante
185 755 313 794 solem
329 756 407 794 nisi
425 755 497 806 [tu]
516 756 769 793 exorientem
786 756 826 792 1‘n
842 753 1089 805 palaestram
1104 755 1291 804 ueneras‚

58 824 147 862 Hau
167 821 385 861 mediocris
403 822 583 873 gumnasi
600 821 811 873 praefecto
828 833 981 872 poenas
998 820 1215 872 penderes.

57 879 116 927 lbi
134 901 253 926 cursu
267 886 458 926 luctando
476 886 587 924 disco
604 887 720 924 hasta
736 885 920 938 pugilatu
934 885 1019 937 pila

58 954 248 994 Saliundo
269 966 360 992 sese
378 954 623 992 exercebant
643 954 767 1004 magis
788 966 905 1004 quam
922 956 1058 990 scorto
1077 956 1144 990 aut
1160 954 1294 991 saulis.

60 1010 134 1070 [lbi
150 1032 260 1057 suam
278 1023 452 1057 aetatem
469 1018 757 1069 extendebant,
779 1020 861 1056 11ό11
875 1019 918 1055 in
933 1016 1150 1056 latebrosis
1166 1017 1297 1069 locis]

59 1078 155 1124 lnde
174 1085 224 1123 de
243 1084 513 1137 hippodromo
533 1086 573 1123 et
588 1084 795 1136 palaestra
811 1085 880 1122 1'1bi
896 1085 1130 1122 reuenisses
1150 1084 1324 1135 domum,

59 1149 284 1189 Cincticulo
321 1152 578 1202 praecinctus
614 1152 656 1188 in
694 1148 798 1188 sella
830 1148 926 1202 aput
956 1151 1190 1201 magistrum
1222 1149 1327 1189 adsi-

667 1214 807 1254 deres:
1260 1220 1327 1254 432

60 1281 186 1330 Quom
201 1279 351 1319 librum
368 1279 546 1331 legeres,
564 1281 597 1318 si
616 1280 686 1332 [in]
704 1294 782 1319 una
798 1282 1056 1333 peccauisses
1073 1279 1241 1330 Si'lllaba7

58 1344 199 1384 Fieret
216 1346 369 1383 corium
384 1348 465 1383 tam
481 1344 728 1383 maculosum
744 1349 901 1396 quamst
917 1347 1088 1384 nutricis
1104 1344 1285 1397 pallium.

58 1410 151 1450 MN.
182 1411 360 1462 Propter
383 1422 447 1448 me
472 1411 572 1448 haec
598 1423 704 1449 nunc
728 1410 818 1449 meo
847 1411 977 1450 sodali
1004 1411 1084 1449 dici
1103 1411 1322 1450 discrucidr

662 1477 804 1515 miser:
1259 1483 1326 1517 435

58 1531 256 1580 innocens
273 1542 537 1593 suspitionem
553 1542 656 1580 hanc
673 1543 849 1580 sustinet
865 1545 1003 1581 causszi
1019 1555 1119 1582 mea.

58 1607 141 1645 PII.
173 1595 268 1657 Alii,
292 1606 420 1657 Lude,
444 1607 550 1645 minc
567 1611 659 1645 sunt
675 1620 820 1646 mores.
866 1607 950 1648 LV.
981 1597 1027 1646 I'd
1044 1607 1234 1660 equidem
1252 1621 1327 1660 ego

664 1674 777 1711 certo
796 1674 892 1712 scio.

60 1737 158 1775 Nam
174 1736 269 1775 <ssim
285 1737 424 1790 populi
440 1741 553 1790 prius
569 1739 767 1777 honorem
784 1740 970 1791 capiebat
985 1740 1192 1791 suffragiO,

61 1804 186 1851 Quam
202 1805 393 1854 magistro
412 1804 625 1844 desinebat
641 1807 731 1844 esse
748 1805 858 1844 dicto
876 1805 1111 1844 oboediens

17 1866 22 1871 '
64 1857 115 1905 At
145 1880 272 1917 nunc,
302 1869 413 1919 prius
445 1883 562 1921 quam
591 1871 829 1922 septuennis
863 1871 939 1921 ῥεῖ,
970 1872 1003 1909 si
1032 1873 1205 1922 attingas
1236 1867 1327 1910 eum

0 2408 29 2502 'nm-'³-
12 2379 14 2383 ’

78 1986 86 1996 Ι
663 1950 795 1987 manu,
1260 1942 1327 1976 440

62 1996 276 2048 Extemplo
294 2010 397 2049 puer
411 1999 642 2052 paedagogo
659 2001 796 2041 tabula
813 2001 1027 2053 disrumpit
1045 2006 1175 2053 caput.

63 2061 190 2110 Quom
205 2066 363 2113 patrem
379 2063 497 2102 adeas
515 2065 774 2117 postulatum,
790 2068 920 2120 puero
939 2069 996 2106 sic
1014 2067 1113 2106 dicit
1128 2071 1269 2119 pater:

63 2125 226 2164 ‘Nester
243 2130 345 2176 esto,
363 2126 455 2165 dum
471 2132 512 2172 te
527 2131 683 2180 poteris
702 2131 919 2170 defensare
934 2133 1113 2172 iniuria!

62 2191 313 2229 Prduocatur
328 2191 602 2244 paedagogus:
631 2197 724 2235 ‘eho
742 2210 866 2236 senex
884 2199 1051 2236 minumi
1065 2200 1188 2249 preti,
1259 2204 1328 2237 444

63 2254 122 2293 Ne
140 2256 283 2306 attigas
299 2269 468 2307 puerum
486 2259 583 2296 istac
600 2273 750 2311 caussa,
769 2262 927 2312 quando
943 2263 1044 2301 fecit
1061 2265 1256 2301 strenue?
