1511 2502
176 131 231 171 30
661 125 969 167 PLAVTI
1180 136 1446 173 11151-611

559 529 867 589 Achs
939 529 1072 589 1111.

403 675 774 713 PISTOCLERVS.
836 673 1220 711 MNESILocuvs.

179 777 243 816 ΡΙ.
271 776 407 813 Rebus
425 772 512 812 aliis
528 776 778 822 Antenortar,
801 772 984 822 Bacchis,
1006 785 1108 823 quae
1124 771 1286 811 mandzis
1303 771 1419 810 mihi:

180 839 482 880 Mnesilochum
498 843 542 876 ut
557 840 763 889 requiram
780 842 900 888 atque
916 841 961 875 ut
978 849 1068 875 eum
1083 837 1238 875 mecum
1255 836 1304 874 ad
1320 842 1361 876 te
1378 835 1448 875 ad-

790 902 930 940 duczim
950 901 1091 941 semul.

179 971 216 1010 N
219 974 280 1010 aim
296 970 387 1009 illut
404 970 557 1008 animus
574 969 685 1006 me'us
702 969 885 1018 miratur,
904 968 938 1005 si
954 970 975 1006 A
991 980 1054 1006 me
1070 968 1208 1018 tetigit
1222 968 1402 1017 nuntius,

181 1035 289 1085 Quid
317 1038 560 1073 remoretur.
600 1035 665 1071 1‘bo
697 1037 739 1070 ut
764 1034 911 1070 nissam
935 1033 1014 1070 huc
1039 1032 1088 1071 ad
1105 1045 1217 1083 eum,
1249 1034 1283 1071 si
1298 1033 1447 1072 fortest

786 1097 905 1136 domi.

180 1166 274 1206 MN.
306 1163 486 1205 Reddidi
508 1165 616 1215 patri
640 1163 761 1214 [meo]
790 1176 907 1201 omne
932 1177 1081 1204 aurum.
1115 1165 1220 1203 nt‘mc
1245 1176 1319 1216 ego
1340 1162 1446 1202 illam

785 1229 848 1266 me
864 1228 988 1267 uelim
1381 1233 1444 1267 53«

181 1295 429 1344 Cdnuenire,
453 1295 665 1346 pdstquam
682 1294 811 1331 inanis
827 1294 927 1343 slim,
954 1293 1290 1346 contemptricem
1306 1305 1370 1332 me
1385 1306 1445 1332 ma

181 1365 254 1402 Se't
280 1363 440 1401 ueniam
460 1362 557 1399 mihi
577 1364 693 1412 quam
710 1365 874 1411 grauate
894 1359 1010 1400 dedit
1024 1366 1142 1413 pater
1161 1361 1211 1400 de
1230 1361 1446 1401 Chrfisalo:

180 1430 335 1469 Verum
350 1431 558 1480 postremo
580 1427 796 1478 fnpetraui,
813 1431 857 1465 ut
875 1426 1030 1478 nequid
1047 1428 1084 1465 ei
1101 1428 1346 1467 suscensent.

181 1494 242 1532 ΡΙ.
268 1483 395 1531 Estne
411 1493 478 1530 hic
495 1504 607 1530 meus
625 1491 806 1530 sodalis?
841 1492 934 1530 MN.
956 1492 1085 1530 Estne
1102 1493 1167 1530 hic
1182 1493 1311 1530 hdstis
1329 1504 1446 1542 quem

788 1559 937 1609 aspicid
956 1571 1068 1596 meus
1080 1558 1099 1595 2²

181 1626 241 1663 ΡΙ.
275 1624 401 1663 Gerte
422 1623 456 1660 is
474 1627 548 1660 est.
592 1622 686 1660 MN.
717 1621 754 1660 Is
772 1622 844 1661 est.
890 1621 952 1661 ΡΙ.
985 1621 1117 1660 Adibo
1137 1623 1277 1660 cdntra
1295 1626 1337 1659 et
1353 1634 1449 1660 con-

785 1687 928 1726 tollzim
945 1687 1124 1738 gradum.
1381 1693 1446 1727 535

182 1753 325 1793 saluos
350 1754 427 1803 sis,
450 1751 719 1791 Mnesiloche.
763 1751 857 1792 MN.
891 1751 1024 1790 Salue.
1068 1752 1130 1791 ΡΙ.
1164 1751 1307 1790 saluos
1329 1765 1448 1803 quom

786 1829 962 1869 peregre
981 1816 1162 1868 aduenis,

183 1883 293 1921 Cena
311 1880 442 1920 detur.
474 1880 569 1919 MN.
594 1880 684 1918 Ndn
699 1880 833 1933 placet
850 1883 903 1919 mi
922 1882 1020 1920 cena
1038 1895 1139 1934 quae
1156 1880 1281 1920 bilem
1296 1886 1444 1920 mouet.

181 1949 243 1987 ΡΙ.
274 1948 484 1999 Νιὶηιψιειθ
505 1946 739 1985 aduenienti
757 1947 966 1998 aegritudo
984 1948 1213 1987 obiectast?
1254 1948 1348 1987 MN.
1374 1948 1448 1986 At-

790 2026 867 2064 que
884 2014 1104 2052 acerruma.

182 2080 242 2118 PI.
274 2069 392 2116 Vnde
404 2078 422 2115 ‘3
462 2078 554 2117 MN.
587 2079 648 2117 Ab
665 2079 828 2117 homine
847 2081 966 2130 quem
980 2080 1033 2117 mi
1051 2080 1219 2117 amicum
1236 2090 1325 2117 esse
1342 2079 1449 2117 arbi-

787 2150 917 2183 tratus
935 2159 1019 2183 sum
1038 2144 1238 2183 dntidhac.

183 2210 244 2249 ΡΙ.
276 2208 400 2248 Multi
426 2222 538 2249 more
564 2211 642 2248 isto
669 2212 789 2261 Atque
813 2209 996 2262 exemplo
1022 2211 1178 2260 uiuont,
1204 2221 1304 2260 quos
1327 2220 1447 2259 quom

791 2275 956 2313 censeas
1383 2277 1450 2312 540
