1511 2502
90 129 344 165 v217-33
546 119 903 160 RVDENS.
1277 118 1359 160 263

201 233 285 272 GR.
317 232 472 272 Verum
487 233 736 283 extergetur.
781 231 865 269 LA.
896 220 952 268 Vt
967 230 1110 269 uales?
1149 231 1234 271 GR.
1255 229 1362 280 Quid

682 295 725 332 tu
738 296 757 333 ’ἒ
777 309 872 334 num
890 295 1072 334 medicus
1090 295 1272 346 quaeso's
1284 296 1304 332 ‘3

198 363 281 404 LA.
315 364 436 402 Immo
461 361 610 414 edepol
634 375 713 400 una
735 361 856 399 litera
878 360 969 412 plus
995 361 1080 398 sum
1098 373 1216 411 quam
1231 359 1362 398 medi-

717 439 799 464 cus.
846 426 929 464 GR.
964 425 1071 464 Tum
1087 429 1132 463 tu
1274 429 1360 463 1305

198 492 413 532 Mendicus
443 492 517 531 es?
571 492 654 531 LA.
702 492 896 542 Tetigisti
928 504 1012 530 acu.
1062 490 1144 528 GR.
1182 488 1357 529 Videtur

697 556 817 607 digna
833 557 975 594 fdrma.

201 622 275 661 Set
299 622 397 674 quid
419 622 566 661 tibist?
607 621 691 660 LA.
723 622 810 659 Hac
834 623 1030 672 prdxuma
1051 623 1174 658 nocte
1197 620 1239 657 in
1258 619 1362 658 mari

697 687 871 739 [hercle]
890 687 1014 726 eldui:

201 754 460 792 Confi-actast
481 754 619 803 nauis,
651 752 816 804 perdidi
841 751 1038 804 quidquid
1055 755 1144 790 erat
1162 751 1287 789 miser
1302 751 1361 789 ibi

697 821 827 859 dmne.

201 883 285 921 GR.
332 882 440 932 Quid
475 882 723 935 perdidisti?
775 883 857 921 LA.
899 881 1094 922 Vidulum
1133 895 1223 920 cum
1262 894 1359 919 auro

696 951 817 1000 atque
835 952 1004 998 argento
1020 946 1162 987 multo.

197 1014 281 1052 GR„
319 1013 479 1065 Ecquid
510 1015 731 1052 meministi
762 1015 806 1052 in
836 1012 975 1051 uzdulo
1007 1013 1076 1064 qui
1104 1013 1231 1064 periit
1261 1011 1361 1063 quid

696 1079 754 1117 ibi
768 1078 971 1117 infuerit?
1267 1082 1360 1117 1310

193 1144 276 1182 LA.
308 1142 416 1193 Quid
432 1143 577 1195 refert,
595 1144 663 1195 qui
679 1144 805 1195 periit
819 1147 969 1193 tamen,
986 1142 1021 1180 si
1035 1142 1143 1180 nunc
1153 1142 1231 1180 hoc
1242 1141 1360 1180 fabu-

690 1208 852 1246 lemur?

193 1274 277 1314 GR.
311 1272 440 1324 Quid,
466 1274 500 1312 si
525 1274 599 1324 ego
624 1274 747 1311 sciam
771 1273 840 1324 qui
865 1272 1104 1311 inuenerit?
1132 1270 1228 1310 uolo
1247 1273 1295 1310 ex
1314 1276 1357 1310 te

693 1337 799 1374 scire
816 1338 937 1387 signa.

193 1402 276 1440 LA.
304 1401 540 1452 octingenti
555 1402 598 1439 in
614 1402 818 1453 marsupio
828 1388 986 1441 ’nummi
1003 1402 1116 1440 aurei
1130 1402 1355 1453 infue'runt,

195 1468 417 1505 Praeterea
454 1471 617 1505 centum
654 1468 896 1519 Philippeae
930 1469 1063 1506 minae
1094 1470 1135 1506 in
1163 1467 1355 1520 pasceolo

485 1524 490 1530 ’
694 1534 844 1573 sdrsus.

191 1600 275 1637 GR.
306 1599 455 1649 Magna
478 1597 619 1637 he'rcle
639 1598 853 1650 praedast:
883 1599 1056 1650 largiter
1072 1598 1276 1638 mercedis
1292 1599 1356 1637 in-

689 1663 865 1716 dipiscar
878 1678 888 1702 z
1264 1670 1354 1703 1315

189 1729 254 1779 [Di
285 1729 470 1767 homines
495 1729 743 1780 respiciunt:
772 1731 879 1768 bene
906 1742 1003 1781 ergo
1021 1730 1117 1768 hinc
1132 1727 1354 1781 praedatus

689 1796 787 1847 ibo.]

188 1860 424 1899 Profectost
439 1862 557 1899 huius
573 1860 747 1899 nidulus.
779 1873 908 1913 perge
925 1861 1000 1900 alia
1016 1866 1060 1899 tu
1078 1860 1286 1912 expedire.

192 1925 274 1963 LA.
306 1924 522 1964 Talentum
548 1928 707 1977 argenti
733 1926 986 1965 cdmmodum
1009 1938 1196 1976 magnum
1217 1928 1352 1964 inerat

687 1992 729 2029 in
746 1993 940 2041 crumina,

189 2055 414 2094 Praete'rea
437 2056 562 2107 sinus,
588 2057 820 2107 cantharus,
847 2055 1066 2108 epichysis‚
1087 2053 1240 2106 gaulus,
1259 2057 1352 2106 cya-

685 2121 794 2162 thus.

170 2183 272 2223 GR.
325 2185 488 2237 Papae:
532 2185 696 2225 diuitias
734 2188 779 2224 tu
819 2186 984 2238 quidem
1019 2186 1198 2224 habuisti
1234 2185 1351 2223 lucu-

682 2250 829 2291 lentas.
1260 2254 1349 2289 1320
