1511 2502
111 71 192 110 296
589 70 900 111 PLAVTI
1085 81 1375 119 114104-—133

109 183 191 222 LE.
226 182 356 232 Quom
373 181 586 222 adfinitate
602 185 741 222 ndstra
756 194 820 221 me
838 183 1092 222 arbitrdmini
1313 189 1379 225 505

110 247 298 296 Dignum,
314 247 445 285 habeo
461 248 592 298 uobis,
607 247 759 298 Phflto,
775 259 958 297 magnam
974 248 1157 298 grAtiam.

112 313 185 351 Set
200 314 234 351 si
250 314 351 351 haec
368 324 436 351 res
453 314 634 363 grauiter
651 312 801 351 cecidit
816 311 992 351 stultitia
1011 326 1113 366 mea,

110 377 262 428 Philt6‚
281 378 331 416 ’st
346 390 443 428 ager
461 379 533 416 sub
552 379 654 417 1'1rbe
670 379 808 416 nobis:
837 376 928 416 Eum
945 377 1047 417 dabo

109 444 257 481 Dotem
274 443 427 481 sorori:
456 446 548 482 nam
563 444 597 482 is
615 443 666 482 de
684 443 837 482 diuitiis
853 445 954 482 meis

111 507 231 547 Solus
247 509 420 559 superfit
434 509 602 560 praeter
617 509 741 546 uitam
756 507 947 547 re'licuos.
1312 517 1379 550 510

110 574 196 614 PII.
227 573 422 612 Profecto
441 573 577 612 dotem
594 572 653 612 n1'l
667 586 816 612 moror.
862 573 942 613 LE.
975 574 1184 613 Certumst
1200 575 1311 617 dare.

111 639 191 677 ST.
223 638 480 688 Nostramne,
498 650 584 688 ere,
600 638 662 676 uis
678 640 894 689 nutricem,
913 652 1014 690 quae
1033 653 1105 678 nos
1123 638 1282 692 educat,

109 702 360 742 Abalienare
376 717 398 741 a
413 703 530 741 nobis
541 702 561 740 ‘3
593 714 690 740 caue
708 704 762 740 sis
778 703 950 741 feceris:

114 768 222 817 Quid
239 768 405 806 edemus
424 771 586 806 nosmet
599 767 775 819 postea?
819 767 902 807 LE.
932 768 1066 806 Etiam
1081 769 1124 806 t1'1
1140 769 1281 807 taces?

112 833 206 871 Tibi
226 835 330 884 ego'n
346 833 548 871 rationem
563 832 763 871 reddam?
810 832 891 871 ST.
919 831 1046 871 Plane
1060 833 1269 885 periimus,
1312 841 1378 874 515

111 899 196 937 Nisi
214 897 311 950 quid
329 910 403 949 ego
423 898 705 936 conminiscor.
748 897 900 947 Philto,
917 899 961 936 te'
976 897 1082 937 uolo.

113 962 194 1002 PH.
229 962 375 1014 Siquid
398 963 459 1001 uis
471 991 482 1013 ‚
514 962 700 1002 Stasime.
751 962 830 1002 ST.
863 962 954 1000 Huc
984 962 1165 1001 concede
1195 962 1378 1015 aliquan-

711 1028 809 1067 tum.
854 1027 939 1066 PH.
972 1027 1102 1066 Licet.

110 1093 190 1132 ST.
223 1094 384 1132 Arcano
401 1093 478 1131 tibi
495 1105 569 1143 ego
586 1093 664 1130 hoc
681 1091 787 1142 dico,
803 1104 855 1130 ne
871 1091 942 1130 ille
959 1104 1007 1130 ex
1023 1093 1066 1131 te
1082 1093 1184 1131 sciat

107 1159 221 1197 Neue
239 1157 341 1197 alius
359 1159 581 1209 quisquam.
624 1157 710 1197 PH.
744 1155 879 1195 Cre‘de
897 1156 1089 1196 audacter
1106 1157 1330 1209 quidlubet.

110 1224 188 1262 ST.
217 1224 299 1262 Per
316 1223 416 1262 deos
434 1228 555 1274 atque
571 1223 758 1261 homines
776 1221 880 1273 dico,
905 1234 958 1260 ne
973 1227 1018 1261 tu
1033 1221 1163 1261 illunc
1181 1235 1321 1274 agrum

110 1289 245 1328 Tuum
261 1290 354 1327 siris
370 1301 560 1340 umquam
575 1289 672 1327 fieri
689 1300 824 1339 neque
840 1290 950 1339 gnati
964 1288 1045 1326 tui:
1311 1294 1378 1328 521

109 1356 159 1394 Ei
179 1356 242 1393 rei
259 1358 497 1405 argumenta
513 1354 656 1393 dicam.
699 1353 786 1392 PH.
819 1352 974 1392 Audire
992 1351 1140 1404 edepol
1153 1351 1281 1393 lubet.

110 1421 190 1458 ST.
222 1421 403 1458 Primum
423 1421 600 1459 omnium
617 1420 712 1459 olim
728 1420 841 1457 terra
858 1432 978 1470 quom
993 1417 1285 1470 proscinditur,

108 1486 152 1524 In
170 1487 335 1536 quincto
353 1498 514 1536 quoque
531 1485 643 1523 sulco
660 1486 890 1523 moriuntur
904 1486 1044 1523 boues.

109 1551 196 1591 PH.
227 1551 380 1601 Apage.
427 1549 506 1587 ST.
540 1538 789 1588 Acheruntis
804 1550 950 1587 ostium
970 1550 1013 1586 in
1029 1550 1211 1587 nostrdst
1226 1560 1334 1599 agro.

110 1616 217 1654 Tum
231 1618 369 1653 uinum
387 1615 500 1666 prius
518 1627 635 1665 quam
652 1616 851 1652 coctumst
864 1613 1020 1665 pendet
1037 1613 1235 1665 putidum.
1311 1618 1378 1653 526

108 1680 190 1720 LE.
225 1679 459 1719 Consuzidet
474 1680 642 1729 homini,
661 1679 798 1719 credo.
831 1680 909 1717 etsi
926 1678 1123 1717 scelestus
1140 1684 1217 1729 est,

108 1747 163 1784 At
178 1746 231 1783 mi
248 1744 428 1783 infidelis
444 1745 527 1782 non
543 1748 617 1783 est.
661 1744 740 1783 ST.
771 1744 877 1782 Audi
895 1745 1044 1782 cetera.

107 1811 208 1848 Post
224 1809 279 1860 id,
299 1810 498 1847 frumenti
516 1822 636 1860 quom
651 1808 748 1847 alibi
764 1810 907 1847 messis
923 1812 1157 1859 maxumam,

109 1875 262 1914 Tribus
283 1876 408 1913 tantis
424 1874 487 1913 illi
502 1876 633 1913 minus
649 1874 761 1913 redit
777 1888 894 1925 quam
912 1876 1136 1927 opseueris.
1309 1877 1370 1913 53<

106 1942 192 1979 ΡΗ.
224 1941 345 1991 Hem,

107 2007 202 2045 Istic
220 2010 388 2058 oportet
403 2006 541 2057 opseri
557 2005 691 2042 mores
708 2003 848 2053 malos,

108 2072 151 2110 Si
168 2073 211 2109 in
227 2069 459 2122 opserendo
475 2070 633 2121 possint
647 2068 866 2107 interfi‘eri.

109 2137 191 2176 ST.
222 2137 366 2187 Neque
386 2137 572 2186 umquam
589 2135 853 2185 quisquamst,
871 2134 1014 2184 quoius
1030 2132 1100 2171 ille
1120 2132 1216 2183 ager
1230 2132 1322 2182 fuit,

110 2203 218 2251 Quin
235 2202 425 2254 pessume
443 2201 482 2239 ei
497 2212 566 2238 res
582 2200 770 2238 uox-terit.
805 2198 974 2250 quorum
990 2198 1082 2248 fuit,
