1511 2502
189 116 272 157 ‘242

669 115 978 155 PLAVTI
1263 130 1457 164 131—24

592 526 902 587 AGTVS
971 528 1044 588 ΙΙ.

471 658 790 696 (ὶΕιΑειτνινε.
854 659 1170 700 Cuocomvn.

300 755 384 792 GE.
416 755 581 793 Famem
599 756 672 805 ego
689 755 816 793 fuisse
833 756 1017 808 suspicor
1033 760 1204 797 matrem
1219 760 1317 798 mihi
1329 774 1350 797 ;Δ
1388 766 1454 799 155

298 819 397 857 Nam
413 822 627 871 pdstquam
643 824 759 858 natus
777 822 877 871 siim,
895 826 1005 860 satur
1021 825 1236 874 numquam
1251 823 1322 864 fui.

298 886 441 937 Neque
460 888 670 938 quisquam
689 885 834 925 melius
850 888 1008 926 referet
1024 890 1144 927 matri
1161 890 1343 940 gratiam,

301 953 427 1001 Quam
444 963 518 1002 ego
535 953 654 990 matri
670 953 808 991 refero
825 951 938 991 meae
954 954 1068 992 Fami
1083 955 1372 995 inuitissumus.

298 1019 397 1056 Nam
414 1019 479 1056 me
494 1015 565 1056 illa
580 1019 622 1056 in
639 1016 730 1056 aluo
747 1019 896 1057 mensis
913 1021 1088 1070 gestauit
1104 1019 1266 1059 decem:

298 1084 353 1121 At
370 1086 443 1133 ego
460 1082 574 1121 illam
590 1084 631 1121 in
649 1082 740 1121 aluo
759 1085 872 1135 gesto
890 1083 983 1136 plus
1000 1087 1123 1124 annds
1141 1085 1293 1125 decem.
1391 1091 1452 1125 16ss

300 1150 433 1199 Atque
453 1148 520 1187 illa
534 1162 706 1201 puerum
721 1151 785 1188 me
801 1152 975 1201 gestauit
992 1150 1218 1203 paruolum,

299 1215 385 1263 Quo
402 1216 533 1252 minus
549 1213 702 1253 laboris
719 1215 877 1267 cepisse
894 1214 1005 1254 illam
1022 1217 1239 1253 existumo:

297 1280 384 1330 Ego
401 1280 480 1316 ndn
500 1277 758 1330 pausillulam
774 1282 815 1317 1'n
831 1284 948 1318 utero
967 1282 1082 1331 gestd
1099 1281 1260 1330 famem,

298 1343 452 1381 Verum
467 1342 609 1382 hercle
626 1343 751 1383 multo
769 1347 988 1383 maxumam
1006 1350 1047 1383 et
1063 1346 1360 1395 grauissumam.

294 1408 414 1447 Vteri
431 1408 596 1448 dolores
615 1411 669 1448 mi
686 1411 872 1448 driuntur
889 1409 1060 1448 cotidie:
1391 1414 1450 1448 165

298 1473 370 1512 Set
385 1476 555 1513 matrem
570 1487 718 1527 parere
736 1477 896 1526 nequeo
913 1488 989 1514 nec
1007 1475 1103 1527 quid
1120 1478 1231 1526 agam
1247 1477 1342 1514 scio.

298 1539 386 1589 [Ita]
407 1539 586 1578 aliditaui
603 1541 724 1591 sae'pe
741 1541 818 1578 hoc
835 1539 954 1591 uolgo
973 1539 1116 1589 dicier,

297 1602 441 1642 Solere
460 1602 723 1654 elephantum
739 1604 945 1653 grauidam
960 1606 1182 1656 perpetuds
1200 1603 1340 1642 decem

298 1669 397 1706 Esse
416 1671 561 1706 annos:
592 1669 677 1705 eius
696 1680 744 1706 ex
760 1669 913 1706 semine
930 1669 1031 1707 haec
1050 1670 1203 1706 certdst
1218 1668 1357 1707 fames.

299 1736 414 1786 [Nam
429 1737 508 1773 iam
525 1734 755 1787 complures
773 1749 897 1773 annos
916 1740 1033 1774 utero
1050 1737 1194 1774 haeret
1209 1737 1328 1787 meo.]
1387 1742 1452 1776 170

296 1801 411 1839 'Nunc
428 1803 462 1838 si
477 1798 695 1838 ridiculum
710 1800 915 1838 hdminem
933 1804 1100 1851 quaerat
1117 1801 1325 1852 quispiam,

296 1865 466 1905 Venalis
482 1877 556 1916 ego
574 1878 661 1903 sum
677 1879 765 1903 cum
783 1867 1030 1904 drnamentis
1047 1866 1252 1904 dmnibus:

294 1931 557 1969 Inanimentis
575 1929 872 1982 explementum
891 1931 1085 1981 quaerito.

296 1993 502 2033 Gelasimo
519 2007 667 2033 nomen
683 1996 738 2033 mi
754 1993 901 2032 indidit
917 1996 1042 2045 parud
1058 1998 1189 2046 pater,

297 2060 398 2108 Quia
414 2061 491 2097 iam
508 2062 529 2097 εἰ
545 2057 717 2110 pausillo
733 2059 862 2110 puero
879 2057 1077 2097 ridiculus
1093 2058 1165 2097 fui.
1383 2060 1450 2098 175

293 2125 471 2176 Propter
487 2125 725 2176 pauperiem
742 2124 820 2161 hoc
837 2122 937 2162 adeo
954 2136 1102 2161 nomen
1116 2120 1297 2174 repperi,

294 2190 354 2227 Eo
373 2192 464 2239 quia
481 2194 699 2241 paupertas
715 2189 816 2226 fecit
833 2187 1028 2227 ridiculus
1044 2188 1196 2226 forem:

294 2254 391 2293 Nam
410 2253 481 2292 illa
501 2256 599 2294 artis
617 2255 745 2293 omnis
761 2253 974 2306 perdocet,
997 2254 1065 2292 ubi
1083 2265 1201 2304 quem
1219 2252 1363 2303 attigitt
