1511 2502
5 26 298 114 ''1537-66
449 64 974 105 PSEVDVLVS.
1268 63 1348 105 183

189 183 324 221 Bonus
341 181 494 220 zinimus
511 179 552 216 in
568 176 671 215 malzi
688 188 733 214 re
751 175 1001 214 dimidiinnst
1017 176 1123 215 mali.

190 249 315 287 Erum
332 245 462 284 saluto
479 245 666 296 primum,
684 246 727 280 ut
745 247 974 293 aequomst:
1006 243 1148 294 postea
1281 248 1347 282 455

192 311 334 364 Siquid
350 310 520 363 superfit
540 309 610 360 [id]
631 309 765 347 uicino
783 308 975 360 inpe'rtio.

191 379 248 418 SI.
282 376 414 416 Salac.
449 375 545 427 quid
570 374 730 426 agitur?
782 373 858 414 PS.
889 373 1028 412 Staeitur
1061 374 1127 412 hic
1159 372 1207 412 ad
1239 374 1347 413 hunc

680 439 853 479 modum.

188 510 246 549 Sl.
275 509 433 548 Statum
448 507 542 546 uide
559 507 748 556 hominis,
767 504 971 558 callipho,
990 518 1107 556 quam
1123 504 1344 544 bzisilicum.

188 576 271 614 CA.
303 576 414 613 Bene
433 573 771 624 confidenterque
789 573 967 611 zistitisse
987 570 1199 623 intellego.

188 640 265 678 PS.
295 640 427 679 Decet
441 641 715 689 innocentem,
736 640 805 689 qui
821 640 886 688 sit,
907 643 1028 690 atque
1044 639 1250 676 innoxium
1279 644 1347 678 450

192 707 361 744 Serudm
379 706 598 757 superbum
616 717 706 742 esse
723 707 819 755 ziput
835 716 949 742 erum
965 706 1242 756 potissumum.

190 773 272 811 CA.
308 772 408 810 Sunt
425 771 527 822 quae
543 776 585 809 te
600 770 786 808 uolumus
803 770 1051 822 percontari,
1071 770 1173 820 quae
1192 772 1303 820 quasi

188 837 271 876 Per
287 836 474 875 nebulam
491 841 650 874 nosmet
667 836 811 873 scimus
831 841 952 886 atque
970 835 1205 874 audiuimus.

189 902 247 940 SI.
280 901 485 940 Conficict
501 902 578 938 iam
594 905 635 938 te
652 901 718 938 hic
735 901 886 951 uerbis,
902 905 946 939 ut
964 906 1008 939 tu
1025 902 1192 939 censeas

188 967 279 1005 Non
296 965 558 1015 Pseudulum,
585 970 647 1004 set
665 965 874 1004 So'cratem
892 967 1027 1005 tecum
1041 965 1164 1017 loqui.
1280 973 1345 1007 465

189 1032 264 1071 PS.
293 1032 410 1070 Itzist:
440 1032 517 1069 iam
534 1030 694 1084 pridem
711 1032 753 1070 t1'1
770 1044 834 1070 me
851 1033 1025 1084 spernis,
1043 1033 1188 1071 sentio.

190 1098 376 1147 [Paruam
394 1109 484 1136 esse
502 1096 606 1149 apud
623 1103 664 1136 te
681 1098 778 1136 mihi
795 1097 918 1136 fidem
934 1099 1022 1150 ipse
1038 1097 1268 1150 intellego]

189 1164 314 1215 Cupis
330 1164 395 1201 me
411 1175 501 1202 esse
517 1176 711 1215 nequam:
742 1167 879 1202 tzimen
896 1176 967 1202 ero
984 1164 1093 1215 frugi
1109 1166 1251 1203 bonae.

190 1230 247 1268 Sl.
278 1230 385 1268 Face
402 1232 456 1267 sis
472 1231 650 1280 uociuas,
666 1228 888 1280 Psei'idule7
907 1229 1019 1268 aedis
1036 1231 1206 1280 aurium,

189 1295 284 1334 Mea
302 1296 344 1333 1'1t
360 1296 535 1346 migrare
557 1294 665 1333 dicta
681 1296 839 1347 possint
856 1298 933 1346 qud
952 1295 1058 1334 uolo.
1280 1301 1347 1336 470

191 1360 265 1398 PS.
298 1361 384 1410 Age
399 1359 572 1411 loquere
592 1361 766 1411 quiduis,
784 1366 864 1399 tam
888 1362 965 1399 etsi
981 1362 1055 1399 tibi
1073 1363 1303 1400 suscenseO.

192 1425 247 1463 Sl.
266 1425 399 1463 Mihin
411 1424 572 1464 domino
586 1438 726 1464 seruos
740 1427 782 1464 t1'1
794 1439 1007 1465 suscenses
1018 1427 1037 1464 ‘3
1067 1427 1141 1466 ΡΞ.
1158 1428 1262 1466 Num
1273 1428 1349 1466 tibi

191 1491 344 1529 Mirum
363 1490 404 1529 id
421 1491 616 1529 uidetur?
647 1492 702 1531 Sl.
726 1491 881 1531 He'rcle
900 1494 982 1543 qui,
1003 1498 1046 1531 ut
1061 1499 1105 1531 tu
1120 1492 1347 1545 praedicas,

191 1555 465 1595 Cauendumst
481 1558 535 1594 mi
552 1570 621 1608 aps
638 1562 679 1595 te
696 1559 815 1608 irdto,
833 1563 954 1609 atque
970 1559 1069 1597 haut
1085 1558 1165 1597 alid
1185 1559 1304 1598 modo

188 1621 259 1658 Me
281 1621 503 1659 uerberare
521 1629 642 1673 atque
660 1623 733 1673 ego
751 1628 792 1662 te
810 1622 924 1662 soleo
942 1625 1108 1675 cogitas.
1278 1631 1346 1665 475

189 1685 295 1735 Quid
320 1687 491 1725 censes?
535 1688 617 1727 CA.
650 1688 812 1740 Edepol
836 1690 981 1728 merito
1005 1703 1096 1729 esse
1119 1692 1267 1729 iratum
1283 1693 1347 1729 zir-

684 1755 829 1804 bitror,

189 1816 320 1865 Quom
337 1822 432 1868 aput
450 1819 491 1855 te
508 1823 588 1857 tam
601 1825 765 1870 paruast
784 1819 821 1858 ei
837 1820 952 1859 fides.
998 1820 1056 1861 SI.
1087 1822 1167 1860 Iam
1184 1824 1241 1860 sic
1257 1823 1345 1861 sino

189 1881 318 1919 Irzitus
335 1883 407 1920 sit:
440 1895 514 1933 ego
531 1884 684 1935 ne'quid
702 1890 848 1924 noceat
865 1889 1024 1925 cziuero.

191 1946 263 1984 Set
291 1947 387 1998 quid
413 1949 500 1987 ais‘.²
532 1949 628 2001 quid
650 1951 728 1989 hoc
753 1951 861 2003 quod
880 1953 922 1990 te
936 1953 1066 2004 rogo?
1110 1953 1185 1993 PS.
1219 1953 1347 2004 Quid-

683 2019 743 2055 uis
760 2030 877 2068 roga:

190 2077 309 2127 Quod
325 2080 436 2117 scibo
453 2079 624 2132 Delphis
641 2083 717 2120 tibi
733 2095 973 2135 responsum
991 2084 1141 2124 ducito.
1277 2091 1346 2124 480

190 2141 248 2183 Sl.
281 2144 466 2184 Adudrte
493 2158 590 2198 ergo
616 2149 789 2187 animum
815 2154 856 2188 et
877 2150 965 2188 face
983 2151 1036 2189 sis
1055 2152 1247 2203 promissi
1261 2164 1347 2190 me-

682 2226 783 2255 mor.
