1511 2502
89 166 100 196 Ι
127 164 320 198 214—37
539 155 571 192 1'1
600 154 631 191 V
662 153 694 191 D
725 153 754 191 E
784 153 816 191 N
847 154 892 191 S.
1269 151 1350 191 203

193 266 293 305 Nam
309 268 414 305 minc
430 265 618 318 perlucet
634 266 680 302 ea
698 277 815 316 quam
833 265 1010 302 cribrum
1029 264 1226 302 crebrius.

193 332 274 370 PL.
304 331 441 383 Pater,
460 331 614 370 salueto
633 330 707 382 [tu]
726 331 924 381 amboque
941 329 1056 368 adeo.
1087 329 1186 367 DAE.
1206 327 1349 366 saluos

691 409 756 433 sm.

195 462 270 501 SC.
301 462 373 500 Set
397 462 533 499 utrum
557 464 600 498 tu
617 472 754 497 masne
772 473 819 497 an
836 459 1033 509 femina's‚
1059 460 1128 509 qui
1144 458 1262 497 illum
1278 471 1350 510 pa-

686 531 794 563 trem

193 593 357 631 Voces?
407 592 488 631 PL.
525 592 602 631 Vir
633 604 719 629 sum
749 589 951 641 equidem.
1017 590 1117 628 DAE.
1169 590 1345 639 Quaere,

688 655 765 704 uir,
788 656 912 706 porrd
927 658 1105 705 patrem:
1285 660 1348 693 105

191 721 279 771 Ego
296 719 466 760 filiolam
484 720 612 772 [olim]
628 734 747 758 unam
763 720 898 770 habui,
920 732 1009 757 eam
1027 732 1145 757 unam
1169 718 1347 771 perdidi.

197 786 326 825 Virile
343 799 459 825 secus
475 799 690 837 numquam
706 784 834 823 ullum
851 784 958 836 [ego]
976 785 1109 823 habui.
1141 784 1221 822 PL.
1238 784 1292 822 At
1308 784 1348 822 di

690 850 853 888 dabunt.

193 917 270 956 SC.
287 916 438 968 [Hem‚]
457 919 531 956 tibi
544 917 708 969 quidem
718 916 876 968 hercle,
894 916 1076 968 quisquis
1090 927 1148 966 es,
1159 918 1346 967 magnum

688 980 847 1031 malum,

196 1046 273 1093 Qui
290 1046 474 1084 oratione
490 1046 556 1083 hic
574 1048 789 1097 decupatos
807 1047 992 1096 dccupes.
1025 1066 1027 1068 >

194 1111 273 1149 PL.
303 1111 467 1150 Isticine
491 1124 564 1150 uos
587 1112 808 1150 habitatis?
853 1111 928 1151 SC.
962 1110 1068 1160 Quid
1092 1114 1136 1148 tu
1159 1109 1203 1148 id
1227 1112 1351 1161 quae-

687 1179 788 1216 ritas
798 1178 818 1215 ‘3
1284 1183 1347 1215 110

191 1243 256 1281 An
272 1243 350 1293 qud
366 1242 542 1281 furatum
558 1244 698 1281 uenias
715 1242 891 1292 uestigas
906 1239 1027 1279 loca?

190 1309 271 1348 PL.
301 1308 564 1347 Peculiosum
581 1321 672 1347 esse
693 1307 868 1346 addecet
885 1319 1047 1345 seruom
1064 1306 1260 1358 adprobe,

200 1373 329 1421 Quem
346 1373 417 1409 er6
433 1376 653 1424 praesente
669 1371 778 1422 [hau]
793 1372 1029 1423 praetereat
1044 1372 1185 1416 oratio,

196 1437 278 1474 Aut
295 1437 363 1487 qui
379 1435 649 1474 inclementer
665 1435 773 1474 dicat
787 1436 940 1473 homini
953 1434 1100 1474 libero.

194 1502 271 1541 Sc.
300 1502 355 1540 Et
376 1501 608 1554 inpudicum
633 1506 676 1540 et
699 1500 965 1552 inpudentem
992 1502 1198 1540 hominem
1223 1502 1349 1540 adde-

688 1572 767 1616 cet,
1282 1574 1349 1608 115

192 1629 416 1669 Molestum
433 1630 543 1669 ultro
560 1630 755 1669 aduenire
772 1630 822 1668 ad
838 1630 1009 1668 alienam
1026 1630 1199 1682 domum,

195 1697 299 1745 Quoi
316 1696 515 1734 debeatur
530 1694 602 1735 nil.
646 1696 745 1735 DAE.
778 1695 902 1745 Tace,
921 1695 1156 1747 Sceparnio.

193 1761 301 1810 Quid
317 1762 450 1813 opust,
475 1761 715 1800 adulescens
726 1761 746 1798 ’ἒ
787 1761 867 1800 PL.
897 1751 992 1800 lstic
1007 1762 1288 1813 infortunium,

191 1827 270 1875 Qui
284 1826 556 1878 praefestinet
570 1827 640 1865 libi
658 1839 752 1865 erus
769 1825 875 1864 adsit
888 1825 1114 1877 praeloqui.

192 1891 268 1930 Set
284 1892 362 1929 nisi
378 1890 647 1942 molestumst‚
661 1893 801 1944 paucis
817 1893 1102 1943 percontarier
1280 1897 1346 1931 120

191 1955 298 1995 Volo
319 1968 394 2007 ego
412 1957 460 1995 ex
476 1961 530 1995 te.
576 1958 676 1995 DAE.
706 1957 878 1995 Dabitur
897 1959 1042 2008 dpera,
1076 1960 1196 2008 atque
1213 1957 1254 1995 in
1270 1969 1343 1995 ne-

683 2025 806 2074 gdtio.

193 2087 268 2126 SC.
302 2088 406 2136 Quin
427 2092 470 2125 tu
489 2090 527 2125 in
547 2088 736 2139 paludem
754 2090 787 2126 is
805 2089 1019 2139 exicasque
1044 2085 1331 2137 harundinem,

193 2151 270 2199 Qui
284 2152 541 2202 pertegamus
556 2152 708 2202 uillam,
736 2152 829 2191 dum
845 2152 1041 2192 sudumst.
1085 2153 1185 2191 DAE.
1220 2153 1345 2192 Tace.

197 2214 263 2252 Tu
282 2215 417 2265 siquid
437 2229 537 2267 opus
555 2221 618 2255 est
633 2217 736 2256 dice.
780 2217 860 2257 PL.
893 2218 967 2255 Dic
986 2217 1095 2267 quod
1110 2217 1152 2255 te
1168 2229 1289 2267 rogo:

194 2279 373 2329 Ecquem
388 2283 432 2318 tu
454 2281 521 2318 hic
536 2282 741 2319 hominem
758 2285 946 2334 crispum,
971 2283 1157 2319 incanum
1175 2280 1346 2330 uideris,
