1511 2502
122 131 415 168 114134-162
538 119 964 160 TRINVMMVS.
1309 116 1389 159 297

123 234 205 275 Alii
223 233 426 274 exulatum
443 234 643 282 abierunt,
661 231 728 270 alii
745 231 933 280 emdrtui,
1321 234 1389 270 535

123 300 209 339 Alii
225 313 269 339 se
287 299 553 352 suspendere.
586 310 651 347 en,
667 309 773 334 nunc
789 296 856 334 hic
874 295 1016 346 qudius
1034 298 1098 333 est

127 366 179 405 Vt
195 365 245 404 ad
263 367 424 405 incitast
439 363 642 403 redactus.
687 361 774 399 PH.
804 361 944 412 Apage
962 374 983 398 a
998 372 1062 398 me
1080 362 1200 398 istum
1216 371 1366 410 agrum.

124 430 203 469 ST.
235 431 366 481 Magis
382 432 508 481 apage
525 427 650 476 dicas,
667 426 700 464 si
720 425 851 463 dmnia
870 424 950 475 [ex]
969 436 1034 462 me
1051 423 1269 465 audiueriS.

122 495 222 533 Nam
238 485 460 545 fulguritae
477 493 570 530 sunt
588 491 676 542 [ibi]
696 489 880 528 alternae
897 491 1086 528 arbores:

123 559 224 598 Sues
244 559 472 597 moriuntur
491 557 635 607 zingina
652 554 766 605 [acri]
785 554 1015 592 acerrume:
1319 560 1388 594 540

123 624 230 663 Oues
260 624 426 662 scabrae
456 626 571 671 sunt,
611 624 691 659 tam
722 619 907 671 glabrae,
941 632 1014 670 en,
1047 632 1164 671 quam
1193 620 1295 658 haec
1324 620 1388 658 est

718 698 869 724 manus.

122 751 228 790 Tum
244 752 376 790 aute'm
393 751 602 801 Surorum,
628 751 753 801 genus
772 748 879 800 quod
896 749 1287 800 patientissumumst

120 818 353 868 Hominum,
374 830 493 855 nemo
512 821 621 855 extat
638 817 706 867 qui
722 817 778 854 ibi
796 828 865 853 sex
881 816 1032 853 mensis
1049 816 1218 854 uixerit:

121 883 179 921 lta
197 884 333 921 cuncti
350 881 558 921 solstitiali
574 883 715 920 morbo
734 880 940 919 decidunt.

120 947 206 988 PH.
240 947 376 987 Credo
401 948 476 999 ego
499 949 604 986 istuc
615 976 626 998 ,
658 948 831 985 Stasime
842 975 853 997 ‚
883 947 941 984 ita
965 947 1076 985 esse:
1107 949 1172 985 set
1188 945 1387 999 Campans

719 1024 845 1063 genus
1316 1016 1387 1051 545

122 1077 253 1117 Multd
271 1078 466 1117 Surorum
481 1079 560 1117 iam
577 1077 723 1116 antidit
736 1078 985 1129 patientiam.

121 1142 194 1180 Set
209 1143 329 1181 iste'st
347 1155 443 1194 ager
457 1143 660 1195 profecto,
677 1147 722 1181 ut
736 1147 778 1180 te
796 1142 931 1180 audiui
944 1140 1071 1193 loqui,

118 1206 251 1246 Malds
267 1208 309 1246 in
327 1220 446 1259 quem
463 1209 591 1246 omnis
606 1206 772 1260 puplice
789 1209 896 1246 mitti
913 1207 1045 1246 decet.

120 1272 235 1311 Sicut
249 1273 548 1312 fortunatdrum
564 1278 791 1311 memorant
806 1272 972 1323 insulas,

121 1337 208 1385 Quo
227 1338 362 1376 cuncti
380 1339 448 1388 qui
464 1344 639 1377 aetatem
659 1339 820 1389 egerint
838 1337 948 1375 caste
965 1350 1077 1375 suam
1317 1341 1385 1376 550

122 1402 397 1440 Conueniant:
430 1407 572 1441 contra
587 1404 693 1442 istuc
711 1403 874 1441 detrudi
892 1401 1095 1441 maleficos

119 1467 305 1517 Aequdm
320 1466 499 1518 uidetur,
517 1470 586 1519 qui
603 1468 767 1519 quidem
785 1469 902 1507 istius
919 1470 971 1506 sit
987 1467 1108 1508 modi.

121 1530 201 1570 ST.
232 1531 506 1583 Hospitiumst
522 1531 782 1571 calamitzitis:
815 1532 912 1583 quid
928 1534 1067 1571 uerbis
1084 1532 1233 1584 opust‘.²

120 1596 309 1644 Quamuis
325 1596 468 1635 malam
483 1609 571 1636 rem
588 1599 771 1648 quaeras,
787 1597 874 1636 illic
889 1599 1086 1650 reperias.

118 1661 204 1701 PH.
235 1662 291 1699 At
306 1666 350 1700 tu
366 1661 506 1700 hercle
525 1667 566 1701 et
580 1662 643 1701 illi
660 1667 702 1701 et
717 1663 824 1702 alibi.
869 1663 949 1703 ST.
983 1664 1092 1702 Caue
1108 1664 1163 1702 sis
1181 1662 1331 1703 dixeris

117 1726 189 1765 Me
207 1727 282 1765 tibi
302 1726 450 1765 dixisse
466 1728 557 1767 hoc.
603 1728 689 1768 PH.
721 1728 829 1767 Dfxti
848 1728 922 1779 [tu]
943 1730 1089 1767 arcand
1106 1731 1216 1769 satis.
1317 1735 1385 1770 556

119 1790 199 1830 ST.
232 1792 338 1841 Quin
354 1792 420 1830 ln'c
437 1792 601 1843 quidem
618 1794 730 1845 cupit
744 1792 859 1832 illum
876 1795 924 1832 Ab
942 1806 986 1832 se
1004 1794 1288 1846 abalienarier‚

120 1855 285 1907 Sique'm
303 1858 491 1908 reperire
506 1859 650 1909 pdssit,
668 1871 712 1896 os
730 1859 825 1909 quoi
841 1857 1030 1898 siiblinat.

118 1919 204 1958 PH.
235 1921 355 1959 Meus
372 1920 535 1972 quidem
557 1921 700 1960 hercle
716 1936 932 1974 numquam
945 1923 1033 1962 fiet.
1078 1924 1157 1962 ST.
1191 1924 1235 1962 Si
1251 1924 1385 1976 sapies

720 1987 896 2038 quidem.

118 2048 279 2100 Lepide
291 2050 431 2090 hercle
449 2051 499 2090 de
516 2064 610 2103 agro
629 2065 703 2104 ego
719 2054 828 2092 hunc
845 2065 984 2092 senem
1002 2052 1207 2091 deterrui:
1316 2058 1383 2092 560

117 2113 218 2152 Nam
237 2117 305 2165 qui
319 2116 498 2154 uiuamus
515 2115 620 2154 nihil
636 2121 712 2167 est,
736 2118 770 2155 si
785 2116 900 2155 illum
917 2118 1110 2159 amiserit.

117 2178 203 2215 PH.
234 2177 374 2217 Redeo
393 2178 443 2217 ad
458 2184 514 2228 te,
531 2180 773 2221 Lesbonice.
818 2182 901 2220 LE.
932 2182 1007 2220 Dic
1024 2181 1144 2220 sodes
1160 2182 1274 2232 mihi,

119 2241 225 2290 Quid
237 2242 305 2279 hic
323 2243 385 2279 est
399 2240 560 2281 loeutus
576 2245 740 2283 tecum?
770 2246 856 2285 PH.
883 2245 989 2295 Quid
1001 2246 1174 2284 censes?
1199 2246 1382 2285 homost:
