1511 2502
88 154 364 191 11657—75
547 144 902 184 RVDENS.
1279 145 1362 187 223

145 259 210 299 llli
227 260 317 298 esse
335 263 545 311 quaestum
562 260 785 296 maxumum
801 259 1111 297 meretricibus:

146 326 205 363 Ibi
222 327 286 363 me'
303 336 504 363 conruere
519 325 641 375 pdsse
659 324 794 360 aiebas
812 322 943 361 ditias.

149 390 235 429 CH.
268 390 347 427 Iam
363 387 598 441 pdstulabas
614 392 671 437 te,
689 390 876 439 inpurata
891 386 1025 437 belua,

147 455 292 493 Totam
310 453 489 492 Siciliam
507 453 796 492 deuoraturum
819 451 1000 491 insulam.

146 520 229 558 LA.
263 521 468 569 Quaenam
483 517 655 556 balaena
668 517 803 557 meum
817 519 980 556 uorauit
994 516 1192 568 nidulum,
1294 524 1362 558 545

146 587 302 625 Aurum
318 588 438 637 atque
456 590 668 636 argentum
683 586 753 623 ubi
771 587 890 623 dmne
908 586 1149 637 conpactum
1166 585 1274 623 fuit?

149 651 235 690 CH.
268 651 423 690 Eadem
441 649 511 690 ssla
528 649 652 689 credo
671 651 774 701 quae
791 663 922 689 meum
939 651 1200 702 marsupium,

148 715 266 765 Quod
282 715 448 767 plenum
465 717 625 766 argenti
641 716 721 754 fnit
736 717 776 754 in
795 717 1031 768 sacciperio.

145 782 227 820 LA.
258 782 391 830 Eheu,
422 782 612 820 redactus
639 795 726 820 sum
751 784 878 833 nsque
906 782 956 820 ad
980 794 1098 820 unam
1126 783 1230 820 hanc
1256 784 1363 821 tuni-

696 848 823 887 culam

147 914 202 954 Et
219 915 269 953 ad
284 916 362 953 hdo
379 915 580 953 misellum
594 914 785 968 pallium:
815 916 922 967 perii
940 915 1101 967 dppido.
1295 923 1364 955 :350

152 983 236 1020 CH.
270 980 351 1021 Vel
369 983 604 1020 cdnsociare
621 984 719 1020 mihi
740 981 903 1033 quidem
919 981 1191 1021 tec1'1mlicet:

149 1050 312 1100 Aequds
329 1049 523 1087 habemus
539 1051 681 1101 partis.
725 1050 808 1088 LA.
842 1048 996 1087 Saltem
1014 1052 1047 1087 si
1063 1051 1162 1089 mihi

146 1114 419 1154 Mulierculae
438 1120 577 1153 essent
593 1114 742 1164 sziluae,
760 1127 853 1166 spes
873 1113 1033 1165 aliquae
1048 1115 1199 1153 forent.

147 1180 263 1218 Nunc
280 1182 315 1218 si
329 1192 394 1218 me
412 1179 651 1219 adulescens
669 1179 932 1231 Plesidippus
948 1179 1116 1230 uiderit,

153 1247 239 1296 Quo
257 1246 304 1284 ab
321 1247 562 1285 arrabonem
577 1249 652 1299 prd
669 1246 882 1285 Palaestra
899 1246 1149 1298 acceperam,
1297 1253 1364 1286 555

151 1313 187 1350 Is
208 1313 418 1350 exhibebit
434 1313 501 1350 hic
520 1313 598 1351 iam
615 1314 713 1350 mihi
729 1312 949 1363 negdtium.

156 1377 243 1416 GH.
285 1376 411 1426 Quid,
444 1376 582 1428 stulte,
612 1377 779 1429 ploras?
816 1377 893 1414 tibi
924 1375 1089 1427 quidem
1118 1374 1269 1429 edepol
1300 1379 1368 1415 cd-

705 1443 826 1494 piast,

153 1506 257 1545 Dum
270 1506 408 1558 lingua
422 1508 549 1557 uiuet,
568 1509 637 1558 qui
653 1519 740 1545 rem
757 1505 893 1546 soluas
911 1508 1107 1546 dmnibus.

265 1740 567 1780 Scsmnmo,
617 1741 840 1780 LAnqu.
885 1741 1205 1779 CnAnmnss.

105 1841 180 1881 SC.
222 1841 329 1891 Quid
362 1840 459 1880 illuc
490 1844 661 1894 opsecrd
690 1842 892 1892 negotist,
933 1841 1040 1892 qudd
1070 1841 1172 1879 duae
1202 1839 1370 1880 mulier-

709 1905 823 1944 culae

104 1971 183 2011 Hic
198 1972 240 2009 in
257 1972 351 2009 fano
367 1972 545 2011 Veneris
563 1973 719 2023 signum
736 1971 884 2010 flentes
902 1970 1111 2023 amplexae
1126 1975 1285 2022 tenent,
1302 1977 1371 2012 560

105 2035 251 2075 Ne‘scio
299 2049 418 2088 quem
460 2038 690 2076 metuentes
736 2037 941 2075 miserae?
982 2038 1103 2074 ndcte
1148 2036 1224 2074 hac
1268 2048 1369 2075 uero

711 2104 905 2154 prdxuma

109 2164 161 2204 Se
175 2166 342 2204 iactatas
358 2169 478 2218 atque
496 2169 648 2206 eiectas
663 2165 787 2205 hddie
804 2178 895 2205 esse
913 2167 1024 2204 aiunt
1040 2165 1062 2203 έ
1079 2166 1192 2204 mari.

107 2229 190 2271 LA.
226 2222 406 2284 Opsecro
435 2232 601 2283 hercle,
632 2232 886 2283 adulescens,
918 2233 988 2270 ubi
1017 2232 1120 2270 istae
1150 2232 1244 2270 sunt
1273 2244 1371 2283 quas

710 2310 908 2336 memoras
924 2295 1150 2335 mulieres?
