1511 2502
46 135 292 172 111363—85
418 121 936 163 BACCHIDES.
1259 122 1311 164 77

43 240 138 280 MN.
176 239 282 290 Quid
312 236 491 278 sodalem
514 234 647 275 meum
673 235 864 285 castigas,
895 233 1034 285 Linde,
1066 233 1310 287 discipulum

644 299 784 338 tuum?

43 371 128 411 LV.
159 370 290 409 Pc'riit
317 369 392 407 tibi
422 366 585 407 sodalis.
639 365 732 404 MN.
761 364 822 404 Ne
855 364 896 403 di
926 367 1083 405 sierint.
1125 366 1208 406 LV.
1243 366 1310 405 Sic

645 436 708 469 est
724 431 768 469 1‘1t
782 430 951 483 loquor:

44 502 147 551 Quin
167 513 241 552 ego
259 512 377 551 quom
394 500 555 550 peribat
570 496 669 548 uidi7
686 500 767 536 ndn
785 510 833 536 ex
849 497 985 536 audito
1003 502 1140 550 drguO.

41 567 136 607 MN.
169 565 276 616 Quid
289 565 510 604 factumst?
555 564 638 604 LV.
663 564 932 603 Meretricem
947 563 1114 615 indigne
1131 564 1306 617 deperit.

645 629 738 668 MN.
769 629 858 667 Non
874 630 919 667 t1'1
935 633 1046 668 taces
1057 630 1077 667 ’.ἶ
1241 636 1309 670 470

41 697 122 737 LV.
155 685 214 735 Ac
232 709 333 748 quae
355 708 564 735 acerrume
586 696 771 734 ae'stuosa
787 696 999 748 amm-bet,
1022 697 1090 734 ubi
1108 709 1307 748 quemque

643 762 789 811 attigit.

40 826 134 867 MN.
168 816 247 866 <sbi
264 839 311 865 ea
326 826 473 866 mulier
489 827 674 866 habitat?
720 826 804 866 LV.
833 826 923 865 Hic.
960 826 1054 866 MN.
1079 826 1199 867 Vnde
1217 828 1306 866 esse

643 905 730 930 eam
747 891 887 929 aiunt?
930 891 1014 931 LV.
1047 882 1107 930 Ex
1124 892 1255 931 Samo.

39 955 132 996 MN.
164 957 261 1006 Quis
283 958 481 996 uocatur?
524 957 607 997 LV.
640 957 823 996 Bacchis.
867 956 962 994 MN.
993 957 1141 1008 Erras⁷
1167 956 1304 995 Lude:

640 1035 714 1073 ego
733 1033 892 1060 omnem
908 1022 994 1059 rem
1011 1023 1094 1060 scio

41 1089 168 1138 Quem
184 1088 234 1127 aid
249 1088 470 1128 modumst:
497 1094 542 1128 tu
556 1087 827 1127 Pistoclerum
841 1086 945 1127 falso
964 1092 1084 1139 atque
1102 1089 1304 1127 insontem

640 1154 784 1204 arguis.

39 1215 138 1258 Naeim
153 1218 225 1257 ille
243 1220 368 1258 amico
387 1224 429 1258 et
444 1219 710 1258 beneuolenti
727 1218 796 1257 sfio
815 1217 945 1257 sodali
962 1218 1103 1257 sedulo
1235 1224 1299 1260 475

38 1283 138 1322 Rem
176 1283 402 1323 mandatam
437 1286 672 1336 exequitur:
714 1285 825 1337 ipsus
854 1285 988 1336 neque
1019 1290 1124 1323 amat
1156 1297 1232 1323 nec
1260 1290 1299 1325 tu

635 1350 815 1389 creduas.

38 1414 121 1454 LV.
149 1404 263 1453 itane
280 1421 444 1467 oportet
459 1417 547 1455 rem
561 1416 786 1455 mandatam
803 1417 947 1467 gerere
968 1418 1084 1455 amici
1100 1416 1256 1467 sedulo,

39 1469 73 1516 V
79 1484 95 1517 t
109 1480 220 1531 ipsus
236 1481 278 1518 in
294 1482 446 1531 gremio
465 1480 738 1520 alisculantem
754 1481 966 1520 mulierem
975 1484 1115 1520 tenerit
1125 1481 1300 1520 sedens?

38 1544 191 1585 Ni'illon
207 1551 325 1598 pacto
341 1548 408 1586 res
425 1547 610 1587 mandata
624 1551 762 1600 potest
778 1549 853 1599 agi,
869 1549 948 1587 nisi
967 1548 1193 1588 identidem

40 1601 105 1650 Ad
118 1611 291 1664 papillas
305 1610 443 1652 minus
459 1613 580 1664 ferat,
594 1613 707 1652 labra
723 1615 744 1652 εἰ
758 1613 883 1652 labris
902 1627 1098 1665 nusquam
1115 1615 1273 1653 auferat
1283 1615 1302 1653 ’ἔ

39 1677 138 1715 Νείηι
154 1675 232 1715 alia
245 1681 470 1716 memorare
489 1691 590 1730 quae
606 1677 721 1717 illum
738 1679 875 1717 fzicere
892 1679 977 1718 uidi
994 1679 1206 1732 dispudet:
1234 1686 1301 1721 481

42 1741 170 1791 Quom
193 1755 351 1781 manum
375 1744 447 1782 sub
464 1744 707 1783 uestimenta
723 1744 773 1783 ad
790 1746 935 1797 cdrpus
952 1743 1093 1784 tetulit
1109 1745 1302 1784 Bacchidi

41 1807 112 1846 Me
131 1812 347 1858 praesente
362 1810 496 1860 neque
514 1810 671 1862 pudere
690 1813 902 1863 quicquam
954 1810 975 1833 *
1033 1811 1053 1833 *
1110 1812 1130 1833 *
1182 1812 1202 1834 *
1255 1812 1275 1833 *

41 1871 147 1910 Mihi
163 1872 395 1924 discipulus,
419 1875 494 1913 tibi
509 1875 658 1914 sodalis
673 1878 811 1928 periit,
832 1877 950 1915 huice
965 1875 1096 1915 filius:
1234 1883 1303 1918 484

42 1935 140 1974 Ndm
159 1949 232 1987 ego
248 1936 362 1975 illum
376 1942 533 1989 perisse
551 1940 655 1992 dico,
673 1944 767 1993 quoi
784 1942 947 1993 quidem
962 1944 1088 1994 periit
1102 1942 1246 1995 pudor

43 1999 149 2066 Quid
166 2007 284 2052 opust
301 2003 466 2041 uerbis?
496 2006 529 2043 si
545 2008 725 2058 opperiri
741 2006 888 2046 uellem
902 2007 1111 2060 paulisper
1126 2007 1259 2059 modo,

42 2067 98 2104 Vt
115 2065 204 2117 [illi]
222 2065 332 2105 illius
349 2069 600 2119 inspectandi
616 2073 669 2110 mi
687 2073 795 2111 esset
812 2075 939 2112 maior
957 2075 1084 2125 cdpia‚

41 2129 138 2168 Plus
155 2130 346 2171 uidissem
364 2132 451 2182 [mis
456 2135 516 2185 er]
536 2137 678 2187 opinor
693 2141 808 2189 quam
823 2151 887 2177 me
905 2144 1025 2191 atque
1040 2138 1112 2177 illo
1131 2140 1299 2190 aequom

635 2202 756 2242 foret.

43 2261 135 2301 MN.
163 2261 387 2302 Perdidisti
403 2266 480 2315 me,
498 2265 657 2305 sodalis.
690 2271 818 2319 egone
838 2268 913 2318 [ut]
931 2269 1040 2308 illam
1057 2269 1272 2309 mulierem
