1511 2502
159 124 240 166 122

1353 41 1358 47 ι
1397 21 1511 51 ”,«·;ι;.;

638 122 944 162 PLAVTI
1215 114 1431 168 11754-95

274 235 356 274 PH.
404 235 538 286 Cedo,
568 235 719 288 pdere,
750 235 893 272 sinum.
951 234 1032 272 PA.
1073 234 1179 284 Quid
1208 234 1431 274 facturu's?

765 299 850 338 PH.
883 300 962 338 lam
977 301 1093 339 scies.
1386 308 1429 342 75

279 368 391 406 Anus
410 367 474 405 hic
494 365 601 405 solet
619 366 802 404 cubitare
820 368 955 402 custos
972 365 1156 403 idnitrix:

275 431 430 470 Nomen
446 431 692 470 Leaenaest:
723 427 935 467 multibiba
954 433 1074 480 atque
1092 430 1353 468 merobibast.

277 496 360 536 PA.
393 497 515 546 Quasi
531 497 576 534 t1'1
592 495 800 547 lagaenam
817 493 940 545 dicas,
959 495 1026 533 ubi
1041 495 1179 533 uinum
1194 493 1301 533 solet

276 561 419 599 Chium
436 562 538 600 esse.
567 561 653 601 PH.
669 558 775 610 Quid
786 564 904 611 opust
914 560 1051 598 uerbis
1063 560 1082 598 ’.ἱ
1103 561 1428 599 niuosissumast:

274 628 413 679 anue
432 624 635 679 extemplo
653 626 721 664 ubi
737 626 831 663 uino
849 625 971 664 hasce
987 628 1197 678 conspersi
1211 626 1326 677 foris,
1385 632 1430 665 80

274 692 334 730 Dc
354 691 479 729 odore
498 690 640 729 adesse
658 690 722 727 me
739 690 828 739 scit,
846 690 979 740 aperit
995 688 1102 729 ilico.

274 756 354 794 PA.
393 755 497 794 Eine
527 755 592 793 hic
624 767 712 793 cum
742 754 836 791 uino
872 757 981 791 sinus
1012 754 1174 793 fertur?
1224 756 1309 796 PH.
1341 756 1426 795 Nisi

764 831 893 857 nems,

273 886 355 925 PA.
387 884 490 924 Nolo
515 884 676 924 hercle:
708 897 798 923 nam
823 885 892 922 isti
911 885 1017 922 hunc
1036 886 1104 936 qui
1123 884 1207 923 fert
1222 883 1425 925 adflictum

762 948 908 988 uelim:

271 1016 357 1067 Ego
373 1016 490 1054 ndbis
507 1016 610 1054 ferri
628 1016 776 1054 censui.
818 1014 905 1054 PH.
939 1015 1045 1064 Quin
1061 1016 1105 1053 tu
1119 1018 1231 1053 taces
1242 1015 1261 1053 ‘3

274 1080 418 1132 Siquid
435 1094 556 1133 super
573 1080 636 1119 illi
652 1082 792 1131 fuerit,
808 1080 851 1119 id
867 1082 983 1119 nobis
999 1085 1059 1119 sat
1077 1086 1150 1119 est.
1381 1087 1425 1121 85

272 1146 353 1185 PA.
399 1147 590 1196 Quisnam
627 1148 716 1185 istic
755 1147 942 1196 fluuiust,
983 1147 1101 1196 que'm
1138 1158 1219 1183 non
1255 1147 1427 1198 recipizit

765 1222 876 1249 mare
886 1210 905 1247 ’.ἓ

273 1277 359 1315 PH.
391 1276 575 1327 Sequere
592 1277 689 1327 hac,
714 1275 921 1325 Palinure,
944 1275 1007 1313 me
1024 1274 1073 1313 ad
1088 1275 1211 1313 foris:
1242 1276 1269 1313 fi
1285 1276 1337 1313 mi
1355 1278 1418 1326 op-

762 1353 949 1392 sequens.

269 1408 350 1446 PA.
381 1408 440 1447 lta
457 1407 611 1446 fficiam.
660 1407 744 1446 PH.
776 1407 898 1458 Agite
914 1407 1057 1457 bibite,
1074 1407 1248 1445 festinae
1265 1407 1389 1455 fores,

270 1472 430 1522 Ponite,
449 1473 520 1510 fite
537 1473 635 1510 mihi
652 1471 840 1511 uolentes
855 1473 1069 1524 propitiae.

268 1536 350 1576 PA.
381 1535 571 1576 Voltisne
595 1536 722 1575 oliuas
748 1538 816 1575 a1'1t
837 1536 1091 1588 pulmentum
1108 1542 1174 1575 aut
1190 1537 1390 1588 capparim
1404 1536 1422 1572 2²

266 1600 351 1639 PH.
382 1601 618 1639 Exuscitate
634 1602 812 1639 uostram
828 1601 906 1639 huc
924 1600 1133 1640 custodem
1148 1602 1258 1640 mihi.
1378 1607 1419 1640 91

266 1665 348 1703 PA.
381 1663 602 1703 Profundis
626 1666 784 1704 uinum:
821 1666 923 1716 quae'
944 1671 985 1704 te
1016 1679 1083 1705 res
1111 1666 1292 1717 agitant?
1335 1666 1419 1704 PH.

762 1731 871 1770 Sine.

268 1794 403 1835 Viden
415 1796 435 1833 ’.ἒ
466 1797 703 1848 aperiuntur
720 1795 842 1834 aedes
862 1797 1178 1836 festiuissumae:

266 1861 369 1900 Num
395 1862 534 1900 muttit
557 1860 709 1900 cardo?
739 1866 802 1900 est
816 1861 989 1914 lepidus.
1032 1863 1114 1902 PA.
1149 1863 1254 1912 Quin
1272 1862 1340 1902 das
1357 1866 1421 1902 sa-

761 1928 898 1967 nium?
1373 1933 1419 1969 94

265 1990 349 2031 PH.
375 1991 506 2031 Tace:
529 1991 776 2032 occultemus
792 1990 930 2032 himen
947 1998 988 2032 et
1004 1994 1156 2034 uocem.
1184 1994 1265 2034 PA.
1287 1994 1416 2033 Licet.

651 2160 917 2167 ...νᾳ-..η
