1511 2502
186 133 240 173 80
659 130 972 170 PLAVTI
1200 142 1449 177 11313—36

295 245 498 296 Sequere:
518 245 567 282 e'n
578 245 653 282 tibi
664 245 881 282 hominem.
916 243 1003 282 TY.
1023 243 1166 281 Habeo
1178 245 1347 294 gratiam
1358 244 1446 294 tibi,

297 309 426 358 9110111
444 309 599 359 co'piam
615 309 734 345 istam
750 308 803 344 mi
821 308 862 344 et
875 308 1121 357 potestatem
1136 308 1251 358 facis,

294 373 349 412 Vt
366 386 440 422 ego
460 372 509 410 aid
525 373 707 423 parentis
724 372 832 408 hunc
848 372 1053 408 remittam
1069 384 1093 408 11
1102 373 1268 423 (1111111111,
1378 377 1444 412 375

299 439 373 486 Qui
391 439 454 474 me
473 436 569 487 quid
587 449 725 473 rerum
741 436 807 472 hic
823 436 972 485 agitem
989 440 1030 473 et
1049 435 1146 486 quid
1159 437 1252 475 fieri
1267 437 1404 487 uelim,

296 503 410 539 Patri
426 514 515 539 meo
533 500 677 539 ordine
696 503 854 538 omnem
871 512 957 537 rem
974 499 1072 537 illuc
1088 502 1284 552 perferat.

293 567 407 605 Nunc
424 554 478 604 ita
496 567 688 604 conuenit
704 568 812 602 inter
828 577 891 602 me
909 569 1029 615 atque
1047 566 1174 615 hunc,
1195 566 1402 617 '1¹3'fndare,

293 632 349 671 Vt
365 637 406 669 te
423 633 688 669 aestumatum
704 631 744 667 in
762 618 925 667 Alidem
941 630 1096 668 mittam
1112 629 1162 668 ad
1178 635 1355 682 patrem:

296 698 337 735 Si
353 699 433 734 non
449 697 621 745 rebitas,
644 697 737 733 huic
754 700 798 732 ut
817 696 960 745 uiginti
975 696 1101 733 minas
1378 702 1445 736 380

293 763 394 800 Dem
408 763 482 813 pro
501 766 555 800 te.
614 761 699 799 PH.
732 761 858 798 Recte
878 761 1118 798 conuenisse
1138 761 1282 800 se'ntio.

293 827 392 864 Nam
408 829 525 877 pater
543 830 730 877 expectat
748 826 815 862 aut
830 837 893 862 me
916 829 983 863 aut
999 824 1173 876 aliquem
1190 827 1389 877 mintium,

293 892 370 940 9111
387 892 480 928 hinc
497 890 547 928 ad
564 904 608 928 se
624 892 774 929 ueniat.
821 890 909 929 TY.
939 881 1046 940 Ergo
1065 891 1237 928 animum
1255 890 1443 930 aduortas

788 953 898 1004 uolo,

292 1024 403 1071 Quae
420 1023 609 1060 nuntiare
629 1022 724 1059 hinc
742 1022 784 1059 te
804 1020 896 1059 uolo
914 1022 955 1059 in
972 1022 1143 1073 patriam
1158 1022 1207 1060 ad
1222 1027 1392 1074 patrem.

236 1088 323 1126 PH.
370 1086 627 1125 Philocrates
643 1115 654 1137 7
694 1092 738 1124 ut
776 1086 907 1123 adhuc
945 1085 1129 1125 locorum
1159 1088 1238 1125 feci
1251 1117 1261 1137 7
1299 1089 1443 1127 faciam

787 1150 944 1201 sedulo,
1375 1159 1442 1193 385

236 1207 291 1254 it
309 1217 575 1268 potissumum
593 1215 701 1266 quod
716 1217 756 1253 in
774 1228 861 1254 rem
877 1218 989 1254 recte
1009 1216 1207 1255 conducat
1223 1221 1332 1255 tuam

236 1271 281 1318 id
310 1286 513 1333 petessam
543 1280 586 1319 id
617 1282 924 1332 persequarque
950 1280 1074 1319 corde
1100 1286 1220 1332 atque
1244 1283 1374 1320 animo
1400 1285 1441 1321 et

787 1347 950 1386 uiribus,

237 1413 325 1452 TY.
371 1412 488 1450 Facis
518 1413 572 1448 ita
605 1416 648 1449 ut
678 1416 720 1449 te
750 1412 888 1449 facere
918 1418 1102 1463 oportet:
1132 1413 1239 1451 minc
1269 1414 1439 1451 animum

790 1478 978 1515 aduortzis
997 1477 1105 1517 uolo.

235 1533 423 1581 Omnium
440 1544 615 1594 primum
632 1544 801 1583 salutem
819 1543 941 1581 dicito
961 1544 1079 1580 matri
1099 1544 1140 1580 et
1156 1544 1263 1595 patri

234 1598 287 1645 Et
304 1609 484 1657 cognatis
503 1609 543 1645 et
560 1609 715 1659 siquem
728 1608 848 1646 alium
858 1607 1173 1646 beneuolentem
1183 1608 1359 1647 uideris:
1374 1615 1441 1650 390

234 1673 305 1710 Me
343 1673 409 1710 hic
449 1671 590 1710 ualere
631 1678 672 1711 et
704 1675 944 1711 seruitutem
973 1674 1132 1711 seruire
1163 1675 1257 1712 huic
1287 1675 1441 1712 homini

790 1740 967 1790 optumo,

234 1803 311 1851 Qui
326 1814 389 1840 me
406 1803 562 1840 honore
579 1803 857 1841 honestiorem
873 1805 1034 1854 semper
1050 1803 1150 1841 fecit
1164 1803 1327 1841 etfacit.

232 1868 319 1906 PII.
361 1857 470 1905 istuc
503 1879 556 1905 ne
596 1869 844 1919 praecipias,
885 1867 1008 1905 facile
1046 1868 1240 1905 memoria
1277 1867 1443 1905 memini

787 1938 934 1972 tamen.

233 1998 322 2037 TY.
353 1998 455 2036 Nam
471 1998 661 2050 equidem
676 1998 755 2035 nisi
773 1997 881 2048 quod
898 1996 1109 2036 custodem
1124 1995 1440 2035 habeoliberum

787 2075 851 2101 me
868 2076 958 2101 esse
975 2065 1164 2103 arbitror.
1373 2068 1442 2103 394

231 2128 365 2167 Dicito
381 2132 502 2180 patri,
521 2144 598 2181 quo
611 2133 729 2182 pacto
747 2129 845 2166 mihi
857 2128 994 2178 [nunc]
1013 2141 1103 2165 cum
1112 2128 1190 2166 hoc
1201 2127 1442 2167 conuenerit

229 2193 291 2231 De
323 2194 443 2231 huius
474 2193 574 2234 fflid.
648 2194 734 2232 PH.
784 2194 895 2242 Quae
925 2193 1111 2242 memini,
1150 2194 1261 2230 mora
1290 2197 1442 2230 merast

785 2259 1004 2298 monerier.
