1511 2502
200 168 472 203 111115—28
624 155 1048 197 TRINVMMVS.
1391 156 1473 197 301

204 263 258 310 Vt
274 284 370 323 agro
389 275 551 310 euortat
564 270 851 320 Lesbonicum,
871 269 1032 321 quando
1051 269 1205 307 euertit
1221 267 1400 308 aedibus.

204 326 239 375 ό
264 349 336 375 ere
362 334 616 386 charmides,
643 346 765 386 quom
788 335 949 386 apsenti
972 334 1040 373 hic
1060 333 1130 372 tua
1144 345 1212 371 res
1230 331 1473 374 distrahitur

807 399 898 449 tibi,

204 455 368 504 Vtinam
385 469 427 503 te
446 463 604 503 redisse
620 462 776 502 saluom
791 463 966 515 uideam,
982 468 1028 503 ut
1044 465 1230 504 inimicos
1245 469 1338 503 tuos

204 521 415 569 Vlciscarc
432 534 473 568 et
489 530 602 580 mihi,
625 534 670 568 ut
685 542 783 581 erga
797 534 840 569 te
856 530 915 569 fui
932 531 974 568 ct
989 543 1090 582 sum,
1108 531 1268 570 referas
1288 531 1469 582 gratiam.

202 596 377 635 Nimium
397 593 609 634 difficilest
622 597 800 649 reperiri
817 599 988 635 amicum
1003 597 1061 635 ita
1075 601 1122 636 ut
1134 598 1284 636 nomen
1302 596 1427 647 cluet,

200 662 307 712 Quoi
336 665 446 700 tuam
470 673 590 713 quom
612 662 700 701 rem
723 661 977 713 credideris,
1009 665 1098 702 sine
1125 663 1233 702 omni
1258 675 1354 701 cura
1377 662 1472 701 dor-

806 728 917 766 mias.
1405 733 1472 768 621

201 792 273 831 set
297 803 495 842 generum
517 796 702 831 nostrum
720 794 782 832 ire
798 792 986 832 eccillum
1001 792 1123 833 m'deo
1140 806 1231 833 cum
1245 793 1370 833 adfini
1384 806 1471 832 suo.

200 857 347 896 Nescio
366 856 464 908 quid
479 870 561 896 non
577 859 674 897 satis
689 859 800 897 inter
817 871 887 898 eos
905 860 1118 898 conuenit:
1150 858 1281 898 celeri
1296 858 1424 911 gradu

201 924 304 963 Si'mt
320 929 518 975 uterque:
546 922 621 963 ille
636 924 910 977 reprehendit
924 925 1033 964 hunc
1048 925 1233 977 priorem
1247 923 1394 977 pallio:

199 990 310 1029 Haut
339 991 378 1028 ei
407 990 625 1029 euscheme
655 991 886 1029 astiterunt.
925 990 1006 1029 h1¹1c
1031 989 1281 1041 aliquantum
1310 990 1463 1043 apsces-

806 1067 919 1093 sero:
1403 1060 1470 1096 625

203 1110 276 1160 Est
293 1118 434 1160 lubido
453 1121 680 1160 orationem
696 1120 837 1160 audire
855 1120 1026 1159 duorum
1042 1119 1249 1160 adfinium.

310 1409 622 1448 Lvs1rn1213S.
681 1408 1022 1448 Lsssnomcvs.
1084 1409 1355 1448 STAsnu's.

198 1509 282 1549 LV.
314 1510 385 1548 Sta
401 1508 516 1548 ilico:
546 1509 633 1548 noli
649 1510 830 1548 auorsari
845 1510 980 1560 neque
994 1514 1038 1548 te
1055 1508 1294 1548 occultassis
1310 1509 1422 1548 mihi.

197 1574 277 1614 LE.
307 1575 431 1614 Potin
456 1580 502 1614 ut
523 1587 587 1614 me
611 1576 674 1614 ire
692 1576 770 1627 qud
789 1574 1001 1627 profectus
1018 1574 1106 1613 sum
1122 1575 1260 1613 sinas?
1302 1574 1389 1615 LV.
1422 1574 1464 1613 Si

801 1640 845 1678 in
860 1640 949 1678 rem
962 1644 1086 1690 tuam,

195 1705 439 1756 Lesbonice,
457 1705 549 1744 esse
563 1704 767 1756 uideatur,
785 1704 942 1756 gloriae
959 1709 1026 1743 aut
1042 1705 1187 1756 famae,
1204 1706 1344 1744 sinam.

195 1770 276 1810 LE.
309 1769 427 1820 Quod
442 1775 506 1809 cst
520 1768 772 1809 facillumum
786 1770 900 1809 facis.
943 1769 1030 1810 LV.
1053 1768 1161 1819 Quid
1182 1768 1228 1808 id
1245 1770 1338 1809 est?
1382 1770 1465 1809 LE.

801 1836 943 1874 Amico
960 1835 1163 1874 iniuriam.
1398 1841 1468 1875 630

200 1896 280 1939 LV.
310 1899 454 1951 Neque
477 1903 651 1938 meumst
673 1912 808 1951 neque
823 1900 962 1938 facere
980 1898 1118 1938 didici.
1161 1898 1245 1940 LE.
1275 1898 1466 1939 Indoctus

804 1979 922 2017 quam
939 1964 1059 2004 docte
1075 1965 1187 2003 facis.

197 2025 305 2076 Quid
319 2026 478 2067 faceres
489 2056 501 2080 ,
533 2029 660 2081 siquis
678 2028 886 2069 docuisset
900 2035 942 2069 te
958 2030 1003 2068 ut
1019 2031 1077 2069 sic
1093 2028 1187 2069 odio
1207 2031 1320 2069 esses
1335 2030 1436 2068 mihi
1447 2030 1466 2067 22

197 2093 276 2142 Qui
298 2093 398 2131 mihi
421 2094 527 2133 bene
552 2108 674 2146 quom
697 2096 858 2135 simulas
883 2097 1045 2147 facere,
1075 2095 1181 2135 male
1205 2096 1330 2146 facis,
1358 2093 1464 2134 male

801 2161 991 2201 consulis.

198 2222 279 2263 LV.
311 2213 483 2275 Egone?
525 2224 607 2266 LE.
640 2227 705 2266 Tu
727 2240 792 2267 ne.
835 2228 924 2268 LV.
955 2227 1061 2277 Quid
1079 2227 1185 2266 male
1201 2228 1305 2266 facio
1318 2228 1337 2265 ‘3
1379 2227 1460 2267 LE.

795 2293 914 2343 Quod
932 2306 1007 2344 ego
1024 2291 1134 2331 nollo
1152 2292 1196 2331 id
1213 2294 1333 2343 quom
1348 2293 1457 2332 facis.
