1511 2502
133 112 213 155 ²278
611 112 918 150 PLAVTl
1169 122 1401 157 1230—55

185 227 280 266 ME,
313 225 434 266 Malis
450 230 493 264 te
511 229 556 262 ut
570 224 710 262 uerbis
725 223 863 263 multis
879 223 1047 263 multum
1064 225 1322 276 obiurgitem.

187 293 269 331 CA.
298 291 430 332 Men?
474 291 570 330 ME.
598 290 797 341 Numquis
827 294 891 328 est
919 290 987 328 hic
1017 290 1117 329 alius
1146 296 1313 342 praeter
1336 303 1400 329 me

738 358 861 407 aitque
876 360 919 394 te
930 356 950 393 ‘3
1420 384 1424 385 γ

187 423 270 462 CA.
301 423 482 460 Ncmdst.
527 422 621 460 ME.
644 421 752 470 Quid
766 426 810 459 tu
826 422 952 472 igitur
968 421 1121 473 rogitas
1143 425 1240 460 tene
1263 421 1401 460 obiur-

737 488 890 538 gitem?

185 555 273 593 Nisi
289 554 334 592 t1'1
350 567 412 593 me
430 553 615 591 mihimet
632 554 775 592 censes
793 552 995 591 dicturum
1012 552 1128 591 male.

186 621 288 659 Nam
305 621 338 658 si
354 622 395 658 in
411 627 453 658 te
471 624 684 670 aegrotant
699 623 808 658 artes
826 620 1016 670 antiquae
1031 623 1125 656 tuae

187 687 269 725 Aut
285 688 320 724 si
336 685 546 723 demutant
562 687 696 723 mores
712 686 919 735 ingenit'un
936 689 1061 735 tuum,
1359 690 1402 725 73

192 751 308 802 [Nam
325 751 358 788 si
376 753 576 788 inmutare
592 752 654 787 uis
670 751 878 800 ingenium
894 751 1073 788 mo'ribus

189 817 334 867 Neque
351 814 442 854 tfios
460 816 648 866 antiquos
667 816 821 865 serum,
843 819 906 853 set
923 817 1060 867 captas
1077 815 1235 866 nouom]
1360 820 1403 855 74

190 882 384 921 Omnibus
404 882 542 919 amicis
558 881 743 919 morbum
758 885 803 919 tu
818 882 993 919 incutie's
1011 894 1188 933 grauem,

188 948 245 987 Vt
260 948 302 985 te'
317 947 462 986 uidere
479 946 704 998 audireque
720 948 879 997 aegroti
894 947 1012 985 sient.

191 1014 273 1053 CA.
308 1014 386 1063 Qui
402 1014 443 1051 in
459 1014 638 1051 mentem
653 1013 769 1050 uenit
782 1012 859 1050 tibi
874 1013 1001 1050 istaec
1018 1011 1126 1050 dicta
1142 1011 1282 1051 dicere
1293 1013 1313 1051 ‘3

189 1079 283 1118 ME.
317 1079 419 1128 Quia
435 1081 563 1116 omnis
582 1079 711 1117 bonos
727 1079 935 1129 bonasque
952 1077 1149 1116 adcurare
1166 1078 1354 1129 addecet,

191 1144 466 1195 Suspitionem
483 1148 525 1181 et
544 1141 704 1195 culpam
721 1147 765 1181 ut
781 1145 828 1182 ab
846 1156 890 1182 se
906 1144 1137 1195 segregent.

191 1210 273 1249 CA.
316 1209 407 1247 Non
437 1210 546 1261 potis
579 1214 796 1261 utrumque
831 1210 939 1248 fieri.
986 1210 1081 1251 ME.
1115 1211 1373 1262 Quapropter
1384 1210 1401 1247 ’ἓ

742 1276 824 1315 CA.
857 1276 1020 1326 Rogas?
1359 1281 1405 1316 80

186 1341 247 1380 Ne
265 1341 474 1380 admittam
493 1341 664 1394 culpam,
685 1354 759 1392 ego
777 1340 869 1380 meo
887 1354 973 1379 sum
988 1354 1153 1393 promus
1168 1342 1348 1393 pectori:

188 1409 410 1460 Suspitiost
425 1409 467 1446 in
482 1411 653 1460 pectore
671 1407 805 1446 alieno
824 1408 912 1445 sita.

190 1474 292 1513 Nam
309 1474 417 1511 minc
435 1486 510 1524 ego
527 1475 559 1511 si
579 1478 621 1511 te
639 1475 904 1524 siibrupuisse
921 1474 1106 1525 suspicer

191 1541 277 1579 Ioui
293 1552 484 1578 coronam
500 1538 552 1576 de
569 1540 701 1590 capite
719 1550 767 1576 ex
784 1537 1000 1589 Capitolio,

192 1607 271 1656 Qui
289 1606 332 1643 in
350 1605 550 1644 columine
568 1609 671 1642 astat
686 1605 861 1642 summo:
890 1605 922 1641 si
940 1603 983 1641 id
997 1616 1079 1642 non
1095 1603 1246 1642 feceris
1361 1611 1405 1645 85

192 1673 329 1723 Atque
345 1670 389 1709 id
403 1676 540 1709 tamen
556 1671 655 1708 mihi
671 1669 812 1709 lubeat
828 1670 1093 1721 suspicatrier:

195 1737 274 1786 Qui
290 1740 335 1774 tu
351 1735 394 1774 id
408 1736 632 1787 prohibere
651 1736 716 1773 me
730 1739 849 1786 potes
866 1747 918 1772 ne
935 1735 1120 1786 suspicer
1132 1735 1151 1773 :²

194 1801 267 1839 Set
282 1801 389 1839 istuc
405 1801 545 1851 negoti
563 1801 680 1852 cupio
698 1801 804 1838 scire
821 1799 917 1850 quid
934 1801 1023 1838 siet.

193 1865 288 1904 ME.
319 1865 466 1903 Haben
482 1869 526 1903 tu
543 1865 711 1903 amicum
728 1869 795 1902 aut
809 1864 1051 1903 familiarem
1068 1865 1309 1917 quempiam,

195 1932 300 1980 Quoi
315 1932 460 1983 pectus
477 1931 637 1983 sapiat?
684 1931 765 1970 CA.
796 1930 957 1983 Edepol
972 1933 1050 1970 hau
1067 1932 1196 1971 dicam
1213 1931 1320 1970 dolo.
1363 1936 1407 1971 90

195 1997 299 2036 Sunt
316 1999 416 2048 quos
433 1998 516 2035 scio
535 1998 684 2035 amicos
701 1997 812 2035 e'sse:
843 2002 936 2035 sunt
954 2010 1054 2048 quos
1071 1997 1269 2049 suspicor,

195 2063 269 2102 Set
286 2066 457 2115 quorum
473 2064 636 2115 ingenia
653 2068 774 2114 atque
791 2064 944 2102 animos
960 2075 1121 2114 nequeo
1138 2064 1331 2101 noscere:

195 2129 275 2174 ’Λᾶ
293 2131 409 2168 amici
424 2134 585 2182 partem
600 2143 650 2168 an
667 2129 717 2168 ad
732 2130 885 2168 inimici
901 2129 1182 2181 perueniantz]

196 2196 269 2234 Set
289 2201 333 2234 tu
351 2197 398 2234 ex
416 2197 553 2234 amicis
570 2197 694 2235 certis
709 2196 795 2234 mi's
813 2198 1088 2234 certissumus.

196 2260 341 2312 Siquid
357 2262 436 2299 scis
454 2274 517 2299 me
535 2262 685 2299 fecisse
700 2261 849 2299 inscite
868 2264 934 2298 aut
954 2260 1142 2312 inprobe,
1366 2263 1411 2298 95
