1511 2502
152 80 246 123 :266
642 78 670 117 P
696 78 724 117 L
753 78 786 116 A
815 79 848 117 V
878 79 907 117 Τ
937 78 953 117 1
1219 93 1249 124 v
1271 91 1294 126 3
1320 92 1437 127 3—19
1487 64 1511 139 ἐ

222 183 366 232 &mnia
394 196 439 230 ut
456 191 631 242 quicque
647 191 768 228 infuit
782 192 839 228 ita
855 190 968 229 salua
984 192 1183 231 sistentur
1198 194 1286 232 tibi.

219 258 350 308 Tene,
366 258 401 296 si
416 261 508 294 tuus
525 259 600 294 est.
630 255 715 295 LA.
733 255 784 293 Di
795 255 1055 294 inmortales:
1077 258 1190 296 meus
1201 262 1275 297 est.
1307 258 1435 310 salue,

771 319 925 360 uidule.
1345 327 1436 362 1360

220 388 320 428 DAE.
361 387 484 426 Tuun
521 386 615 425 est?
666 386 750 426 LA.
790 386 957 437 Rogitas
969 386 988 424 ’.ἲ
1026 389 1062 424 s1'
1093 387 1257 438 quidem
1289 387 1435 427 hercle

772 452 879 490 Iouis
895 453 987 502 fuit,
1004 464 1116 491 meus
1135 455 1198 491 est
1212 457 1360 494 tamen.

219 519 319 558 DAE.
352 508 496 557 Omnia
509 519 648 571 insunt
662 517 794 557 salua:
825 531 904 556 una
918 519 1039 556 istinc
1052 518 1212 557 csstella
1224 522 1435 572 exceptast

770 583 889 622 modo

221 651 322 689 Ce'lm
340 648 588 702 crepundiis,
607 651 751 701 quibus
768 648 892 687 hodie
908 647 1039 687 filiam
1053 650 1195 688 inueni
1210 662 1353 690 meam.

218 716 301 755 LA.
335 715 492 765 Quam?
534 714 635 754 DAE.
668 715 758 753 Tua
787 726 889 764 quae
916 713 996 752 suit
1022 713 1246 766 Palaestra,
1279 728 1327 754 ea
1346 715 1434 754 filia

770 781 979 817 inuentast
992 792 1094 821 mea.

216 846 299 884 LA.
331 846 444 884 Bene
459 843 671 884 mehercle
687 845 899 883 factumst:
932 858 1053 896 quom
1068 846 1195 884 istaec
1210 847 1278 885 res
1294 848 1370 886 tibi
1385 859 1435 886 ex

774 911 979 949 sententia
1346 918 1433 953 1365

217 975 369 1016 Pulcre
394 976 548 1028 euenit,
579 975 749 1028 gaudeo.
794 977 893 1014 DAE.
923 975 1031 1015 Istuc
1055 976 1178 1015 facile
1201 991 1285 1017 non
1309 978 1432 1016 credo

769 1043 858 1081 tibi.

216 1107 298 1146 LA.
329 1098 453 1146 I'mmo
469 1105 626 1159 hercle,
648 1111 694 1146 ut
709 1108 812 1146 scias
829 1105 1008 1157 gaudere
1022 1108 1100 1159 me,
1128 1108 1203 1159 [tu]
1221 1109 1320 1147 mihi
1335 1109 1431 1147 trid·

772 1171 913 1211 bulum

221 1228 282 1277 Ob
310 1249 397 1276 eam
420 1249 472 1276 ne
499 1236 610 1276 dul's:
642 1237 827 1276 condono
853 1240 908 1278 te.
953 1238 1053 1277 DAE.
1084 1238 1268 1290 Benigne
1285 1237 1432 1291 edepol

770 1303 884 1342 facis.

216 1368 300 1409 LA.
338 1357 462 1407 immo
491 1372 537 1407 tu
567 1367 732 1420 quidem
765 1368 907 1407 hercle
938 1380 1052 1407 uero.
1108 1367 1193 1409 GR.
1232 1368 1347 1407 Heus
1375 1372 1434 1419 tu,

771 1434 851 1472 iam
867 1435 994 1472 habes
1008 1432 1220 1471 nidulum?

217 1498 300 1538 LA.
340 1498 497 1537 Habeo.
552 1497 637 1538 GR.
670 1498 866 1550 Propera.
920 1498 1004 1538 LA.
1038 1497 1144 1546 Quid
1170 1497 1433 1549 properabo?

645 1563 729 1601 GR.
761 1562 953 1601 Reddere
971 1563 1185 1613 argentum
1200 1562 1310 1601 mihi.
1343 1567 1433 1602 1370

216 1627 298 1666 LA.
336 1627 480 1678 Neque
511 1626 661 1679 edepol
692 1628 766 1666 tibi
798 1627 848 1665 ᾶό
879 1640 1014 1679 neque
1045 1628 1259 1678 quicquam
1289 1626 1432 1666 debeo.

774 1692 859 1731 GR.
890 1692 1001 1741 Quae
1017 1693 1119 1730 haec
1135 1691 1330 1730 factiost?

216 1758 305 1797 Non
320 1757 477 1797 debes?
514 1757 596 1796 LA.
630 1757 720 1795 Non
737 1756 879 1795 hercle
897 1770 1011 1796 uero.
1052 1757 1136 1796 GR.
1161 1757 1252 1795 N‹5n
1267 1760 1312 1795 tu
1326 1757 1436 1795 iura-

773 1823 838 1861 tus
856 1823 1018 1861 mihi's?

217 1888 300 1927 LA.
332 1888 492 1927 Iuratus
517 1901 625 1939 sum,
657 1892 700 1926 et
722 1889 829 1926 m'mc
854 1888 1021 1939 iurabo,
1045 1885 1180 1938 siquid
1195 1885 1436 1939 uoluptatist

773 1954 894 1992 mihi:

218 2019 284 2057 {us
313 2017 529 2058 iurandum
559 2018 623 2059 rei
649 2018 896 2069 seruandae,
925 2020 1008 2057 non
1031 2015 1271 2069 perdundae
1296 2015 1438 2055 condi·
1510 2032 1511 2072 3

773 2089 912 2123 tumst.

222 2149 309 2188 GR.
343 2146 457 2187 cedo
489 2150 544 2187 sis
572 2150 672 2188 mihi
696 2148 897 2188 talentum
920 2161 1107 2200 magnum
1131 2147 1314 2200 argenti,
1342 2160 1440 2200 per-

776 2216 1001 2254 iurissume.
1351 2217 1439 2254 1375

1504 2339 1511 2502 1
