1511 2502
533 99 591 132 AD
616 99 723 132 FRID.
749 98 1044 133 RITSCHELIVM.
1323 100 1427 133 xxm

153 210 188 234 ut
217 202 271 234 illo
299 213 396 234 versu
424 204 455 234 in
481 202 521 234 V.
543 201 576 233 C.
598 202 700 233 altera
726 211 826 233 manu
853 207 1035 233 correctum
1063 207 1123 232 est.
1148 218 1192 224 —
1220 201 1261 232 V.
1282 199 1349 235 975
1376 212 1425 233 re-

154 253 321 285 stituenda
348 259 396 285 est
422 253 566 295 genetivi
591 252 697 284 forma
719 247 968 297 Phssocrati,
998 262 1062 292 qua
1089 251 1158 283 sola
1185 252 1322 284 Plautus
1342 263 1427 285 usus

155 313 219 336 est:
247 304 287 336 cf.
303 302 432 342 v 528,
456 301 597 336 Rud.86
613 303 787 343 Euripidi,
808 301 876 335 822
890 303 1047 340 Herculi,
1071 301 1272 335 Bacch.938
1286 304 1428 336 Achilli:

154 350 270 381 eadem
305 350 346 382 de
375 359 477 381 causa
510 348 597 380 Trin.
618 346 685 381 744
714 349 842 380 correxi
867 348 1034 381 Charmidi
1056 347 1192 389 (Bacch.
1220 355 1331 380 antem
1358 348 1427 382 28÷

154 396 376 427 nominativus
408 394 659 427 Archidemides
696 395 920 426 restituendus
956 394 1035 435 est).
1064 411 1108 417 —
1136 394 1177 427 V.
1196 391 1264 426 988
1289 405 1341 426 me
1360 396 1427 427 dis-

154 441 255 482 pudet
281 441 325 472 ita
352 446 386 471 ut
412 442 443 471 iu
468 440 530 471 hae
557 441 701 472 editione
726 440 850 482 legitur
873 449 939 471 non
964 440 1139 471 instaurati
1159 440 1218 471 sed
1237 440 1336 472 foede
1355 451 1426 472 cor—

152 487 258 528 rupti,
286 487 443 527 quoniam
470 487 559 517 omni
585 496 723 518 caesura
749 486 928 517 destitutus
954 491 1018 517 est:
1053 495 1152 525 quem
1179 486 1254 517 ilico
1281 487 1330 518 sic
1355 497 1425 518 eor-

151 538 241 579 rigas
266 537 364 569 velim
391 532 468 582 Qui
488 532 674 570 mihimet
693 530 915 584 peculiaris
938 529 1054 570 datus
1076 531 1169 569 est?
1200 531 1281 571 ST.
1295 532 1426 571 Huius

151 587 276 627 filius.

242 644 277 674 In
310 643 457 674 Militis
491 643 673 686 gloriosi
709 644 816 685 prima
852 649 945 685 parte
981 650 1016 674 ut
1046 642 1143 684 plura
1171 642 1313 674 habeam
1339 654 1425 684 quae

152 689 349 730 corrigenda
382 698 456 720 esse
487 689 647 720 senserim
679 699 717 720 eo
751 689 901 731 inprimis
930 688 1055 720 factum
1080 694 1128 720 est
1158 689 1249 728 quod
1274 699 1305 720 et
1331 699 1424 721 TVAS

152 735 400 767 emendationes
435 733 536 766 huius
573 734 707 766 fabulae
743 745 883 774 quarum
918 744 1020 776 supra
1052 735 1254 766 mentionem
1292 735 1355 766 feci
1395 743 1425 766 et

150 781 354 812 anrzsclm
378 781 541 821 praefatio
570 780 689 812 indicis
713 779 904 812 scholarum
929 780 1220 811 Rostoehiensium
1249 780 1350 812 huius
1376 782 1425 823 ip-

151 828 219 858 sius
246 825 414 857 semestris
441 827 559 858 aestivi
585 827 618 857 in
645 835 710 866 qua
734 826 775 857 de
801 826 928 866 aliquot
951 825 1033 857 locis
1060 828 1131 857 eius
1158 826 1292 858 fabulae
1319 828 1424 858 disse-

150 873 214 903 init
246 873 353 903 serius
380 872 412 903 in
437 882 555 903 manus
581 881 673 903 meas
698 878 920 912 pervenerunt
945 881 1045 912 quam
1072 878 1107 903 ut
1132 872 1164 903 in
1191 882 1288 903 usum
1314 883 1419 904 meunt·

151 924 341 962 convellere
375 927 521 958 possem.
573 917 614 947 V.
640 915 686 949 34
719 917 838 948 vellem
864 917 1002 948 vassrx
1029 918 1295 949 emendationem
1324 929 1422 958 quam

150 977 196 999 'rv
223 978 355 1008 quoque
382 969 413 999 in
432 969 644 999 adnotatione
663 968 936 999 commendavisti
954 961 1268 1001 Perhal'lriunda
1289 962 1421 1015 [haec]

150 1020 245 1057 silnt
265 1030 317 1056 ne
339 1017 484 1056 dentes
507 1017 691 1055 dentiant
717 1023 936 1063 recepissem:
963 1022 1173 1055 Furrzscfflo
1201 1029 1311 1056 autem
1336 1023 1424 1056 hune

150 1084 284 1105 versum
305 1074 479 1115 temptanti
498 1083 616 1114 parum
631 1072 770 1104 feliciter
783 1082 857 1103 meo
877 1073 1000 1104 iudicio
1016 1083 1068 1104 res
1082 1074 1192 1104 cessit.
1207 1091 1254 1097 —
1270 1074 1311 1106 V.
1324 1072 1368 1107 39
1383 1085 1424 1106 ex

148 1125 370 1156 Ambrosiano
387 1119 561 1157 animum
577 1123 689 1157 tuum
705 1133 764 1165 pro
779 1128 863 1154 tuum
877 1124 1013 1154 animum
1026 1124 1172 1155 seribere
1188 1124 1362 1156 debebam.
1379 1142 1422 1147 —

149 1176 188 1206 V.
209 1172 254 1206 58
279 1184 344 1205 non
369 1174 474 1206 fuisse
500 1174 745 1205 sollicitandum
772 1174 920 1205 ordinem
939 1174 1115 1206 verborum
1140 1175 1195 1214 qui
1219 1175 1251 1206 in
1269 1176 1423 1207 omnibus

150 1226 275 1257 obtinet
301 1224 393 1255 libris
431 1221 579 1258 Amant
609 1219 683 1257 ted
712 1231 851 1257 omnes
881 1218 1075 1258 mulieres
1106 1232 1242 1271 neque
1271 1221 1424 1259 iniuria

149 1276 227 1307 alibi
250 1275 410 1316 probabo.
438 1293 484 1298 —
513 1276 554 1307 V.
574 1273 618 1308 69
643 1286 708 1307 non
735 1275 849 1306 dubito
872 1276 951 1315 quin
965 1275 1201 1307 Fnrrzscmvs
1221 1287 1296 1307 vere
1312 1287 1422 1308 emen-

150 1326 276 1357 daverit
305 1322 424 1359 orant
453 1322 592 1360 ambae
622 1326 665 1359 et
695 1322 913 1372 opsecrant
942 1326 1097 1367 idemque
1122 1324 1311 1359 v.84recte
1324 1337 1421 1369 prae-

150 1380 321 1412 ferendam
341 1391 414 1413 esse
431 1382 626 1414 iudicaverit
644 1382 799 1413 qums
818 1387 1036 1413 correcturam
1060 1379 1177 1428 quam
1198 1390 1271 1415 nos
1293 1379 1424 1416 acturi

148 1444 296 1471 sumus.
326 1454 383 1460 —·
424 1436 466 1468 V.
492 1434 537 1470 87
573 1445 620 1468 'rv
655 1437 828 1468 verissime
862 1436 977 1468 vidisti
1009 1431 1270 1479 ‘interpolationi
1308 1438 1422 1470 deberi

148 1488 286 1527 eiusque
311 1487 382 1519 loco
410 1488 493 1520 duos
520 1488 597 1520 olim
622 1488 725 1520 lectos
752 1496 826 1518 esse
850 1488 962 1529 ipsum
985 1497 1105 1519 nomen
1125 1488 1264 1520 Latinae
1287 1489 1421 1521 fabulae

147 1533 345 1574 prodentes,
380 1533 469 1565 velut
497 1534 554 1565 tali
585 1533 736 1575 exemplo
762 1533 809 1565 Ei
833 1533 936 1565 Militi
960 1543 1032 1565 esse
1054 1533 1203 1573 ylo‘m'oso
1225 1534 1363 1575 fabulae
1390 1532 1407 1578 Η

150 1578 268 1610 Nomen
287 1584 389 1619 poeta
411 1579 515 1611 uo'luz‘t
538 1589 659 1612 nor-sae
685 1572 850 1611 ba‘r·'.hctre
877 1595 921 1601 —
947 1579 988 1610 V
1014 1577 1073 1612 117
1109 1590 1183 1611 cum
1208 1580 1419 1613 Fmrzscmo

148 1640 234 1661 nunc
259 1631 306 1661 sie
332 1630 475 1662 scribere
499 1631 611 1662 malim
639 1626 682 1663 in
712 1624 856 1673 altum,
885 1625 933 1662 fit
963 1624 1072 1676 quod
1103 1624 1144 1663 dl'
1165 1624 1330 1664 uolunt:
1361 1642 1422 1663 nec

146 1690 284 1723 possum
320 1691 385 1712 non
419 1682 526 1713 eidem
559 1681 731 1723 astipulari
759 1691 791 1712 v.
815 1679 882 1714 169
910 1681 1080 1722 praeclare
1108 1681 1157 1712 sie
1180 1682 1421 1724 redintegranti

149 1724 378 1787 A'dgrediar
414 1737 632 1777 hominem.
703 1737 784 1775 PE.
821 1726 950 1775 Estne
989 1736 1206 1775 aduorsum
1244 1738 1312 1776 hic
1352 1738 1421 1789 qui

149 1791 314 1830 aduenit
344 1791 632 1843 [Palaestri0]‘.²
669 1799 733 1829 uisi
769 1798 859 1838 quod
890 1794 957 1843 qui
985 1793 1102 1831 uenit
1129 1804 1300 1840 praestare
1333 1799 1420 1830 arbi-

146 1855 213 1878 tror
246 1853 281 1878 ut
306 1847 479 1880 Plautinae
503 1848 737 1881 consuetudini
761 1848 1056 1880 accommodatius.
1083 1865 1130 1871 —-
1158 1849 1303 1881 Vberius
1331 1849 1419 1881 idem

149 1893 304 1924 disseruit
336 1893 376 1924 de
410 1894 457 1925 eis
493 1904 578 1934 quae
610 1890 726 1925 v.185
754 1894 923 1935 excipiunt
956 1899 987 1925 et
1014 1894 1060 1925 ita
1086 1894 1218 1933 quidem
1248 1900 1282 1926 ut
1308 1900 1421 1926 eontra

148 1947 243 1969 ’ΝΛΜ
270 1939 310 1970 de
335 1938 399 1970 hoe
424 1940 495 1971 loeo
523 1940 781 1981 disputationem
798 1940 831 1971 in
847 1938 1058 1981 praefatione
1071 1939 1186 1971 Militis
1199 1950 1232 1981 p.
1247 1949 1331 1973 xxrv
1346 1950 1418 1981 sqq.

149 1984 271 2015 editam
307 1984 464 2016 librorum
499 1986 693 2017 memoriam
729 1986 763 2017 in
792 1986 891 2016 rebus
916 1990 1046 2016 tantum
1070 1995 1137 2016 non
1164 1987 1319 2018 omnibus
1345 1996 1420 2017 sus-

149 2034 274 2060 tentare
311 2036 448 2062 conatus
483 2032 536 2062 sit.
578 2031 659 2062 mihi
676 2065 678 2067 ,
695 2031 830 2070 quidem
854 2031 905 2062 vir
932 2031 1146 2062 doctissimus
1172 2041 1234 2062 nec
1259 2032 1420 2064 vindicias

148 2083 209 2104 nee
243 2075 448 2107 coniecturas
482 2085 561 2108 suas
595 2077 749 2118 probavit
779 2082 810 2107 et
840 2087 881 2108 ex
904 2075 958 2107 his
986 2076 1121 2116 quidem
1147 2087 1248 2110 unam
1273 2078 1420 2109 omnium

148 2119 284 2151 minime
317 2130 389 2152 eam
421 2131 486 2162 qua
516 2122 629 2153 versui
656 2120 719 2155 191
746 2122 945 2153 seutentiam
971 2123 1150 2154 obscenam
1175 2124 1354 2164 supposuit
1381 2123 1421 2153 de

150 2175 215 2204 qua
238 2171 338 2206 poeta
359 2165 423 2197 hoe
448 2167 582 2207 quidem
610 2167 683 2198 loeo
709 2177 751 2199 ne
776 2168 810 2199 in
835 2167 961 2198 somnis
988 2167 1123 2208 quidem
1147 2169 1324 2210 cogitavitz
1362 2168 1419 2199 sed

149 2211 267 2241 iterum
299 2211 485 2252 iterumque
515 2214 690 2254 pensitatis
725 2213 910 2244 rationibus
941 2223 959 2243 a
995 2222 1042 2245 'rs
1078 2220 1109 2244 et
1133 2214 1175 2244 ab
1200 2213 1257 2245 illo
1282 2212 1422 2255 prolatis

150 2260 278 2294 praeter
308 2256 390 2288 duas
418 2267 470 2288 res
511 2259 550 2289 ad
586 2259 822 2300 disputationis
847 2266 940 2290 ΤνΑΒ
967 2268 1132 2291 summam
1158 2259 1254 2291 redii.
1284 2267 1422 2300 quarum
