1511 2502
1302 109 1378 151 227

113 221 153 252 V.
199 218 267 254 226
291 219 481 252 trochaicus
505 219 715 262 septenarius

135 295 147 300 -
195 274 264 310 227
291 276 452 308 iambicus
478 275 666 308 octonarius

137 350 149 355 -
197 329 266 364 228
291 330 479 363 trochaicus
505 331 694 363 octonarius

199 384 268 419 229
291 386 481 418 trochaicus
505 387 715 428 septenarius

137 461 147 465 -
196 439 266 474 230
290 441 335 473 ad
358 440 426 474 242
452 441 657 483 anapaestici
683 443 865 484 septenarii

135 515 147 520 -
195 494 263 529 243
289 496 478 528 trochaicus
506 497 697 528 octonarius

133 571 146 576 -
194 550 263 584 244
283 552 328 584 ad
350 550 419 585 248
443 551 616 584 bacchiaci
640 553 822 584 tetrametri
847 552 1020 585 acatalecti

132 627 144 632 -
194 606 262 641 249
287 608 475 640 trochaicus
502 609 692 640 octonarius

132 684 144 688 -
194 664 264 697 250
288 664 331 696 ad
356 662 424 696 254
447 663 622 696 bacchiaci
648 665 831 696 tetranietri
855 665 1025 696 acataleeti

134 739 145 743 -
194 719 262 753 255
288 719 477 751 trochaicus
503 720 692 751 octonarius

133 794 145 798 —
194 774 263 809 256
287 775 487 807 bacchiacus
513 776 654 808 dimeter
679 774 880 807 acatalectus

132 851 144 855 -
194 829 261 865 257
288 837 319 863 et
344 830 413 864 258
436 831 607 864 bacchiaci
634 832 819 863 tetrametri
844 831 1017 862 acatalecti

131 906 143 910 -
193 885 260 920 259
286 888 492 929 compositus
518 897 559 919 ex
585 887 713 919 duabus
740 886 918 919 trochaicis
942 887 1098 930 tripodiis
1124 887 1324 920 catalecticis

130 962 143 966 -
192 940 261 976 260
286 948 318 974 et
342 941 409 976 261
436 943 552 974 cretici
576 944 758 975 tetrametri
784 944 957 976 acatalecti

129 1020 143 1024 -
190 998 258 1033 262
285 1000 427 1032 creticus
453 999 595 1032 dimeter
622 1000 823 1032 acatalectus

131 1075 143 1079 -
193 1053 260 1088 263
287 1061 317 1086 et
342 1053 410 1088 264
436 1055 571 1087 iambici
596 1056 781 1097 septenarii

129 1131 141 1135 -
191 1110 258 1145 265
285 1111 328 1143 ad
351 1109 420 1144 393
445 1111 607 1143 trochaici
632 1113 814 1153 septenarii

130 1185 142 1190 ·
191 1163 261 1198 394
286 1166 330 1197 ad
355 1164 424 1198 573
449 1166 584 1198 iambici
610 1167 734 1198 senarii

129 1241 141 1245 -
190 1218 259 1253 574
284 1226 314 1252 et
339 1219 406 1254 575
432 1222 639 1264 anapaestici
665 1224 826 1254 octonarii

132 1296 141 1301 ·
189 1274 257 1310 576
284 1282 315 1308 et
339 1274 407 1310 578
432 1276 593 1309 trochaici
619 1287 803 1320 septenarii

127 1352 139 1356 -
188 1331 256 1366 577
282 1339 312 1364 et
338 1331 405 1366 579
432 1333 595 1365 trochaici
619 1333 752 1365 dimetri
778 1334 959 1366 catalectici

126 1408 139 1412 -
188 1385 257 1420 580
284 1395 315 1419 et
340 1386 408 1421 583
436 1389 642 1430 anapaestici
668 1390 828 1420 octonarii

127 1462 139 1466 -
188 1441 254 1476 581
284 1449 314 1475 et
339 1441 406 1476 582
431 1443 602 1476 bacchiaci
627 1445 808 1476 tetrametri
832 1445 1007 1478 acatalecti

127 1518 139 1522 -
190 1496 258 1531 584
284 1499 327 1530 ad
352 1496 419 1532 586
444 1499 605 1531 trochaici
630 1501 811 1542 septenarii

127 1572 139 1577 -
188 1551 255 1587 587
283 1560 314 1585 et
338 1552 407 1587 588
431 1555 635 1596 anapaestici
661 1556 823 1586 octonarii

124 1629 135 1632 -
186 1607 254 1642 589
280 1615 311 1641 et
337 1607 406 1643 590
429 1610 591 1642 trochaici
616 1611 799 1652 septenarii

124 1684 138 1690 -
186 1663 253 1699 591
280 1665 469 1698 trochaicus
496 1666 639 1698 dimeter
663 1666 863 1698 acatalectus

122 1742 135 1746 -
185 1719 254 1756 592
279 1721 513 1763 anapaesticus
542 1723 732 1754 octonarius

124 1800 136 1805 -
185 1778 252 1813 593
279 1785 309 1811 et
334 1777 402 1811 594
427 1778 601 1811 bacchiaci
628 1780 805 1811 tetrametri
836 1779 1006 1812 acatalecti

123 1855 135 1860 -
183 1832 251 1867 595
277 1835 321 1866 ad
346 1832 414 1868 598
439 1835 646 1877 aiiapaestici
671 1837 835 1867 octonarii

123 1910 137 1915 -
186 1889 254 1924 599
279 1890 513 1932 anapaesticus
539 1890 679 1922 dimeter
704 1891 917 1922 catalecticus

124 1962 135 1965 »
185 1943 254 1978 600
281 1946 326 1977 ad
350 1942 418 1978 603
443 1946 650 1987 anapaestici
676 1947 856 1988 septenarii

122 2020 136 2026 -
183 1999 252 2034 604
277 2000 321 2032 ad
345 1997 413 2034 766
439 2000 598 2032 trochaici
623 2003 805 2043 septenarii

123 2074 137 2080 -
186 2053 253 2089 767
279 2055 324 2087 ad
347 2054 416 2088 904
442 2055 576 2087 iambici
599 2056 724 2088 senarii

125 2130 139 2135 -
188 2110 255 2145 905
282 2112 326 2143 ad
349 2109 417 2144 913
444 2111 603 2143 trochaici
626 2112 787 2144 octonarii

126 2186 140 2191 -
180 2165 257 2209 *914
282 2166 470 2198 trochaicus
495 2168 706 2209 septenarius

121 2242 136 2247 -
185 2221 252 2257 915
278 2223 441 2255 iambicus
468 2224 678 2265 septenarius

1024 2283 1094 2320 15*
