1511 2502
31 160 71 192 m
98 159 115 191 1
144 157 335 191 loo—121
377 146 564 186 MILES
597 145 954 186 GLORIOSVS.
1224 144 1302 185 155

33 260 137 299 Tum
152 260 366 311 piatricem
383 258 610 298 clementer
626 260 706 297 non
722 262 860 313 potest
879 259 976 310 quin
993 258 1226 297 munerem:

32 326 109 365 lam
122 323 297 377 pridem,
314 325 405 376 quia
422 323 525 362 nihil
544 322 775 376 apstulerit‚
798 324 1012 362 suscenset
1030 324 1202 362 toraria:
1234 327 1302 362 694

33 389 136 429 Tum
152 390 342 441 opstitrix
367 387 643 442 expostulauit
663 389 834 439 mecum,
858 401 1001 441 parum
1019 388 1186 427 missum
1202 387 1300 426 sibi:

33 453 168 505 Quid?
209 456 360 493 nutrici
391 456 472 493 non
501 454 709 493 missuru‘s
740 456 953 505 quicquam
965 483 976 504 ,
1022 466 1124 505 quae
1154 454 1301 491 uernas

638 518 743 558 alit?

34 584 289 636 Flagitiumst
314 586 347 623 si
364 583 422 623 nil
440 586 645 624 mittetur:
677 587 754 636 qud
773 583 993 637 supercilio
1011 585 1162 636 spicit.’

34 649 143 689 Haec
160 654 281 701 atque
296 650 441 689 horum
458 649 605 688 similia
622 648 702 688 alia
717 649 860 688 damna
875 648 1002 688 multa
1018 648 1236 688 mulierum

33 715 103 754 Mc'
134 716 356 767 prohibent
384 717 524 766 uxore,
557 728 659 767 quae
690 716 745 753 mi
775 716 893 754 huius
924 714 1067 754 similis
1092 714 1302 753 sermones

638 784 760 820 serat.

33 846 114 885 ΡΛ.
146 846 196 884 1)ι’
219 847 294 884 tibi
317 848 486 898 propitii
514 851 607 885 sunt
630 846 795 885 hercle:
825 849 916 885 nam
941 847 975 884 si
997 847 1115 885 istam
1148 846 1303 884 amissis

638 911 767 951 semel
1235 915 1303 951 700

35 976 298 1027 Libertatem,
316 977 395 1014 hau
413 976 535 1015 facile
552 978 728 1016 eundem
741 979 881 1017 rusum
896 978 1090 1016 restitues
1105 976 1253 1015 locum.

35 1041 113 1081 PL.
158 1042 223 1080 Tu
252 1043 372 1080 homo
411 1047 453 1079 et
481 1042 601 1080 alteri
633 1045 842 1095 sapienter
875 1044 982 1095 potis
1013 1055 1056 1081 es
1088 1042 1302 1081 consulere

641 1109 682 1146 et
697 1109 793 1146 tibi:

37 1159 90 1209 At
107 1169 179 1209 illa
193 1170 281 1210 laus
299 1177 375 1222 est,
394 1174 537 1223 magno
560 1173 603 1211 in
622 1185 775 1224 genere
793 1177 835 1212 et
851 1176 891 1211 in
911 1173 1065 1212 diuitiis
1084 1173 1276 1211 maxumis

36 1235 204 1275 Liberos
220 1238 426 1276 hominem
441 1237 630 1289 educare,
647 1239 790 1289 generi
807 1244 1110 1277 monumentum
1126 1238 1168 1276 e't
1184 1238 1274 1276 sibi.

36 1300 114 1341 PE.
147 1300 314 1350 Quando
336 1302 467 1340 habeo
489 1301 639 1341 multos
657 1308 864 1355 cognatos,
889 1304 988 1356 quid
1002 1304 1102 1341 mihi
1118 1316 1218 1355 opus
1240 1308 1305 1341 est

635 1366 810 1407 liberis?
1235 1373 1303 1409 705

37 1431 149 1473 Nunc
173 1432 280 1471 bene
303 1432 397 1470 uiuo
419 1437 461 1470 et
479 1432 688 1472 fortunate
705 1438 827 1485 atque
844 1434 890 1472 1'1t
912 1432 1007 1472 uolo
1033 1438 1154 1485 atque
1171 1435 1303 1472 animo

643 1499 688 1537 1‘1t
709 1498 838 1537 lubet.

0 1586 1 1589 =
39 1561 166 1614 {Nam}
186 1575 274 1602 mea
289 1564 394 1602 bona
412 1566 512 1602 meis
532 1565 714 1615 cognatis
731 1564 875 1617 dicam,
892 1565 1003 1604 inter
1020 1578 1090 1604 eos
1109 1566 1302 1617 partiam:

0 1672 1 1677 ¹
38 1616 146 1676 [ideo
171 1632 216 1666 ut
239 1627 376 1680 liberi]
406 1640 470 1667 me
495 1634 650 1669 curant.
694 1632 831 1669 uisunt
862 1630 960 1683 quid
992 1643 1125 1682 agam,
1156 1629 1305 1682 ecquid

0 1748 1 1759 1

0 1849 3 1860 n

0 1892 3 1904 i

639 1694 786 1735 uelim:

37 1757 152 1797 Prius
184 1772 301 1810 quam
332 1758 445 1798 lucet
484 1760 644 1812 adsunt,
677 1763 859 1814 rogitant
887 1764 1012 1802 noctu
1044 1768 1089 1802 ut
1120 1776 1301 1803 somnum

640 1829 833 1880 ceperim,

39 1888 131 1938 [Eos
148 1903 223 1942 pro
240 1889 383 1929 liberis
399 1892 573 1944 habebo,
598 1894 666 1945 qui
681 1895 781 1933 mihi
799 1896 966 1934 mittunt
982 1897 1178 1948 munera.]
1235 1903 1304 1937 710

39 1953 303 1994 Sacruficant:
333 1955 431 1995 dant
454 1956 550 1996 inde
570 1964 730 2010 partem
751 1961 849 1999 mihi
864 1962 1060 2000 maiorem
1077 1965 1193 2013 quam
1210 1963 1302 2013 sibi,

39 2007 253 2058 Abducunt
266 2032 332 2059 me
347 2019 398 2059 ad
414 2021 517 2073 exta,
543 2036 607 2062 me
626 2024 677 2062 ad
695 2037 739 2063 se
757 2024 807 2063 ad
830 2025 1060 2078 prandium,
1093 2026 1142 2065 ad
1163 2031 1303 2067 cenam

637 2094 797 2130 uocant.

37 2135 112 2185 ssle
130 2149 411 2191 miserrumum
427 2165 471 2191 se
489 2160 619 2206 retur,
649 2157 869 2195 minumum
887 2157 956 2208 qui
972 2157 1082 2196 misit
1098 2158 1209 2199 mihi.

36 2201 99 2251 illi
115 2214 224 2252 inter
239 2227 284 2254 se
301 2216 462 2256 certant
478 2217 615 2258 donis:
645 2221 807 2272 egomet
823 2233 981 2260 mecum
1004 2223 1194 2262 mussito:
1235 2229 1303 2264 714

37 2278 160 2317 ‘Bona
175 2292 263 2319 mea
277 2280 455 2321 inhiant:
475 2283 546 2335 [at]
565 2287 753 2326 certatim
769 2287 978 2326 nutricant
998 2291 1040 2326 et
1055 2288 1303 2329 munerant!
