1511 2502
151 151 202 190 63
629 147 939 187 PLAVTI
1020 148 1026 152 '
1187 156 1416 192 11334-61

149 261 398 300 Adulterare
417 274 507 300 eum
524 260 633 300 aibat
652 262 775 299 rebus
799 261 969 299 ceteris:

151 327 340 377 Quotque
359 327 568 365 innocenti
585 327 623 364 ei
641 325 741 364 dixit
757 325 1035 365 contumelias.

150 391 214 430 NI.
246 391 426 430 Habetin
443 392 612 430 aurum?
641 391 684 430 id
702 391 905 444 [primum]
925 393 1024 430 mihi
1041 391 1121 430 dici
1136 390 1244 430 uolo.

151 458 238 497 CH.
269 458 491 509 Postquam
508 457 672 509 quidem
688 462 855 510 praetor
873 458 1189 510 recuperatores
1208 456 1337 507 dedit,
1356 461 1423 497 270

150 525 368 563 Damnatus
387 524 560 574 demum,
577 526 619 561 ui
635 528 797 562 coactus
814 522 998 561 reddidit

149 589 272 629 Mille
290 591 331 628 et
348 589 545 628 ducentos
561 588 786 641 Phssippos.
831 589 897 627 NI.
931 589 1106 627 Tantum
1125 589 1322 629 dehibuit.

151 656 237 695 CH.
269 655 400 694 Porro
419 656 539 694 etiam
555 654 736 693 ausculta
750 655 924 706 pugnam
943 668 1059 706 quam
1076 654 1206 694 uoluit
1223 655 1331 693 dare.

151 721 215 761 NI.
248 721 380 759 Etiam
398 720 495 771 quid
510 733 634 771 porro
646 720 666 757 ’.ἶ
696 721 805 770 hem,
830 720 1069 771 accipitrina
1086 721 1188 758 haec
1204 721 1312 759 minc
1329 720 1420 759 erit.

152 785 357 837 Deceptus
375 798 482 823 sum:
513 783 714 823 Autoluco
730 785 883 836 hdspiti
900 797 1038 822 aurum
1057 784 1226 823 credidi.
1356 790 1422 824 275

152 852 238 891 CH.
272 852 378 901 Quin
403 857 448 889 tu
473 850 577 890 audi.
622 851 687 890 NI.
719 852 847 901 Hem,
883 850 991 889 auidi
1013 851 1221 901 ingenium
1236 851 1314 889 hau
1328 863 1424 903 per-

755 930 896 955 noram
911 917 1096 968 hdspitis.

153 985 237 1024 CH.
270 984 490 1035 Postquam
520 983 660 1021 aurum
692 981 927 1034 apstulimus
939 1011 950 1032 ,
985 985 1026 1020 in
1055 994 1199 1020 nauem
1229 984 1424 1022 conscen-

756 1047 886 1086 dimus

151 1115 270 1154 Domi
288 1115 513 1166 cupientes„
545 1114 655 1152 fdrte
670 1118 715 1151 ut
732 1112 873 1151 adsedi
891 1115 931 1151 1¹11
948 1117 1075 1163 stega,

151 1179 253 1217 Dum
274 1179 370 1231 [me]
387 1180 698 1231 circumspecto,
716 1182 836 1230 atque
855 1191 930 1229 ego
946 1177 1126 1216 lembum
1143 1178 1356 1230 cdnspicor

151 1246 335 1296 Longum
351 1249 420 1297 aps
437 1247 596 1284 tricone
614 1244 799 1283 malefico
818 1245 1066 1283 exornarier.
1357 1248 1423 1283 280

151 1311 216 1352 NI.
249 1311 363 1349 Perii
381 1310 541 1350 hercle:
572 1309 731 1349 lembus
749 1310 818 1350 ssle
835 1311 934 1349 mihi
948 1309 1077 1348 laedit
1092 1309 1212 1348 latus.

153 1376 238 1415 CII.
270 1376 307 1414 Is
324 1379 413 1414 erat
429 1376 639 1414 conmunis
657 1389 746 1414 cum
762 1376 925 1427 hdspite
943 1380 984 1414 et
999 1373 1286 1427 praeddnibus.

151 1441 216 1479 NI.
248 1440 394 1479 Adedn
409 1453 473 1479 me
489 1442 617 1480 fuisse
633 1441 802 1492 fungum
816 1446 862 1480 ut
879 1442 947 1493 qui
962 1440 1027 1479 illi
1044 1439 1271 1490 crederem,

152 1506 282 1554 Quom
297 1506 350 1543 mi
366 1508 494 1557 ipsum
510 1518 657 1544 nomen
675 1507 760 1544 eius
777 1505 1091 1545 Archidemides

153 1569 360 1609 Clamaret
376 1569 633 1622 dempturum
650 1572 739 1609 esse
756 1570 891 1622 siquid
908 1570 1152 1609 crederem?
1357 1574 1421 1609 235

153 1636 239 1675 GH.
270 1636 306 1674 Is
325 1637 491 1674 ndstrae
509 1636 603 1673 naui
617 1634 776 1673 lembus
792 1635 958 1673 insidias
977 1635 1110 1674 dabat.

153 1701 307 1752 Occepi
324 1713 398 1752 ego
417 1703 637 1753 opseruare
655 1713 725 1739 eos
744 1714 953 1752 quamnam
970 1701 1057 1739 rem
1075 1704 1229 1751 gerant.

151 1765 315 1804 Interea
331 1778 353 1804 e
369 1770 491 1817 portu
506 1767 646 1804 ndstra
661 1767 774 1804 nauis
791 1765 976 1806 sdluitur.

152 1829 233 1869 Vbi
247 1832 370 1882 pdrtu
386 1831 552 1881 eximus,
568 1831 752 1869 hdmines
769 1832 939 1882 remigid
958 1832 1089 1882 sequi,

151 1895 296 1946 Neque
314 1896 408 1934 aues
423 1908 558 1948 neque
575 1897 689 1935 uenti
706 1897 837 1936 citius.
872 1898 1058 1948 quoniam
1076 1896 1207 1935 sentio
1356 1902 1418 1937 29(

154 1960 265 2009 Quae
281 1961 348 1998 re¹s
365 1965 595 2012 gereretur,
614 1965 757 2000 minem
775 1961 979 2014 extemplo
997 1963 1219 2002 statuimus,

153 2025 351 2074 Quoniam
366 2025 510 2065 uident
524 2039 598 2065 nos
614 2028 739 2077 stare,
757 2029 1009 2079 occeperunt
1025 2031 1154 2066 ratem

153 2089 329 2128 Seruare
346 2091 387 2128 in
403 2096 536 2142 portu.
583 2092 648 2130 NI.
680 2082 842 2145 Edepol
857 2092 1040 2132 mortalis
1056 2092 1193 2132 malos.

153 2152 262 2202 Quid
292 2153 468 2206 denique
500 2158 618 2208 agitis
631 2157 650 2195 ⁴?
697 2158 782 2197 CH.
813 2158 987 2198 Russum
1017 2159 1059 2196 in
1088 2162 1251 2210 portum
1274 2157 1423 2212 recipi-

757 2237 855 2263 mus.

153 2282 216 2323 Nl.
247 2285 464 2338 Sapienter
483 2288 637 2328 factum
654 2303 674 2328 a
691 2291 819 2329 udbis.
851 2290 948 2342 quid
965 2289 1026 2329 illi
1041 2291 1214 2343 pdstea?
1355 2295 1423 2331 295
