1511 2502
1296 62 1379 103 229

108 175 149 208 V.
196 173 285 210 1246
310 179 341 207 et
368 170 457 208 1247
481 172 655 206 bacchiaci
682 174 864 206 tetrametri
894 174 1068 206 acatalecti

134 250 145 257 -
198 229 284 264 1248
308 236 339 262 et
366 228 454 262 1249
481 229 594 261 cretici
618 230 801 260 tetrametri
826 229 998 262 acatalecti

131 306 144 312 -
196 286 283 318 1250
307 284 507 318 bacchiacus
534 285 675 317 dimeter
695 284 896 317 acatalectus

131 361 143 366 -
195 340 279 374 1251
305 341 348 373 ad
374 339 466 373 1254
490 340 662 373 bacchiaci
685 341 867 373 tetrametri
890 341 1059 374 acatalecti

129 417 142 423 ·
194 397 281 431 1255
308 404 339 430 et
366 396 454 431 1256
481 397 652 430 bacchiaci
678 398 820 429 trimetri
845 398 1014 430 acatalecti

129 475 141 480 -
191 451 280 488 1257
307 459 337 486 et
364 452 453 487 1258
476 453 649 486 bacchiaci
676 454 855 485 tetrametri
878 453 1051 486 acatalecti

130 531 142 536 —
194 509 280 544 1259
306 510 348 542 ad
376 501 461 543 1261
489 509 649 541 trochaici
675 510 837 542 octonarii

129 587 141 592 -
196 565 280 600 1262
307 572 337 597 et
366 563 455 598 1263
480 565 651 597 bacchiaci
677 566 858 597 tetrametri
890 565 1060 598 acatalectl

126 643 141 648 -
193 622 281 657 1264
306 628 337 655 et
364 620 452 655 1266
478 621 651 654 bacchiaci
676 620 861 654 hexametri
885 622 1067 654 catalectici

127 701 139 704 -
193 677 278 713 1265
305 678 505 711 bacchiacus
532 684 722 710 tetrameter
745 678 948 710 acatalectus

128 756 140 759 -
192 733 278 769 1267
305 734 504 767 bacchiacus
529 735 670 766 dimeter
695 733 898 766 acatalectus

192 789 280 825 1268
304 798 335 823 et
363 789 451 824 1269
478 791 614 823 iambici
640 791 800 822 octonarii

127 868 139 872 -
193 845 279 880 1270
305 847 501 879 bacchiacus
524 845 720 878 hexameter
743 845 940 877 acatalectus

125 925 138 929 -
190 902 275 937 1271
302 904 346 936 ad
371 901 459 936 1273
481 902 653 935 bacchiaci
677 901 861 933 tetrametri
887 899 1058 932 acatalecti

126 979 140 985 -
188 958 278 993 1274
303 966 333 991 et
360 957 447 992 1275
474 959 608 991 iambici
635 958 817 1001 septenarii

126 1036 140 1041 -
193 1013 279 1050 1276
304 1015 505 1048 bacchiacus
530 1020 722 1047 tetrameter
746 1013 947 1046 acatalectus

125 1091 137 1096 -
189 1069 277 1105 1277
302 1071 500 1104 bacchiacus
527 1071 722 1103 hexameter
748 1069 947 1101 acatalectus

125 1147 138 1153 -
189 1125 276 1161 1278
301 1129 441 1159 creticus
468 1131 657 1159 tetrameter
681 1126 879 1158 acatalectus

127 1203 139 1208 -
190 1180 276 1217 1279
301 1189 333 1215 et
360 1181 448 1216 1280
471 1182 630 1215 trochaici
656 1182 838 1224 septenarii

125 1258 139 1264 -
188 1237 275 1272 1281
302 1244 333 1270 et
360 1237 447 1272 1282
472 1238 645 1271 bacchiaci
673 1238 855 1270 tetrametri
880 1235 1049 1269 acatalecti

125 1315 139 1322 -
187 1294 275 1329 1283
302 1301 333 1327 et
358 1294 448 1328 1284
471 1294 631 1327 trochaici
661 1294 824 1326 octonarii

132 1371 140 1375 -
192 1349 278 1384 1285
305 1351 347 1383 ad
377 1349 463 1384 1288
488 1356 522 1382 ut
548 1361 582 1382 v.
611 1349 700 1383 1112

127 1427 139 1431 -
191 1404 278 1439 1289
305 1412 336 1437 et
363 1404 452 1439 1290
477 1407 589 1438 cretici
614 1411 795 1437 tetrametri
821 1405 992 1438 acataleeti

128 1481 140 1487 -
194 1460 276 1494 1291
306 1467 337 1492 et
364 1459 453 1494 1292
477 1467 513 1493 ut
540 1472 571 1494 v.
599 1461 688 1495 1112

125 1537 139 1542 -
191 1516 277 1550 1293
309 1519 514 1559 compositus
547 1528 588 1550 ex
621 1518 751 1550 duabus
787 1516 966 1548 trochaicis
990 1517 1146 1559 tripodiis
1173 1516 1373 1549 catalecticis

686 1572 780 1613 (cum
804 1572 900 1605 hiatu
926 1573 960 1604 in
985 1572 1147 1614 diaeresi)

124 1650 138 1655 -
189 1628 279 1664 1294
305 1637 339 1662 ut
367 1642 398 1662 v.
428 1630 518 1663 1112

126 1703 139 1709 -
190 1684 278 1719 1295
307 1687 470 1718 iambicus
497 1688 688 1717 octonarius

127 1760 140 1764 -
190 1739 280 1774 1296
307 1747 337 1772 et
364 1738 455 1774 1298
479 1741 590 1772 cretici
615 1741 798 1771 tetrametri
823 1739 997 1772 acatalecti

130 1816 142 1820 -
195 1793 283 1829 1297
311 1797 453 1828 creticus
478 1801 669 1828 tetrameter
692 1796 903 1828 catalecticus
931 1797 964 1827 in
990 1795 1151 1837 syllabam

127 1871 140 1876 -
190 1851 279 1886 1299
304 1853 348 1884 ad
372 1851 457 1885 1301
486 1858 521 1884 ut
550 1863 582 1883 v.
611 1852 702 1886 1112

128 1927 141 1931 -
195 1906 282 1940 1302
309 1909 512 1949 compositus
539 1918 580 1940 ex
605 1908 735 1940 duabus
760 1908 939 1939 trochaicis
965 1906 1123 1948 tripodiis
1146 1904 1347 1938 catalecticit

127 1982 140 1986 -
190 1961 279 1996 1303
307 1969 337 1995 et
364 1961 453 1996 1304
478 1964 591 1996 cretici
613 1965 796 1996 tetrametri
821 1963 994 1996 acatalecti

127 2038 139 2042 —
191 2017 277 2052 1305
305 2020 468 2051 iambicus
495 2020 636 2052 dimeter
657 2020 856 2052 acatalectus

127 2093 139 2098 -
192 2072 278 2107 1306
304 2080 336 2106 et
362 2072 451 2107 1307
479 2076 591 2107 cretici
615 2077 798 2108 tetrametri
824 2076 997 2107 acatalecti

190 2128 278 2163 1308
302 2131 344 2162 ad
370 2129 460 2163 1310
486 2132 662 2174 compositi
693 2142 735 2164 ex
765 2132 854 2163 binis
884 2131 1062 2164 trochaicis
1095 2130 1252 2172 tripodiis
1286 2135 1373 2161 cata-

687 2188 813 2219 lecticis
