1511 2502
68 98 285 136 1223-51
441 84 962 127 BAGGHIDES.
1282 84 1336 125 63

66 202 148 243 Pro
166 201 364 253 dignitate
384 200 526 253 opsdni
542 200 643 237 haec
660 199 855 236 concuret
872 209 1034 248 coquos.
1270 199 1335 236 131

66 268 152 307 LV.
183 267 263 306 Iam
283 265 504 319 perdidisti
519 264 561 302 te‘
578 268 699 314 atque
715 275 779 301 me
797 266 917 314 atque
935 264 1100 314 operam
1116 274 1258 334 meam,

69 334 147 383 Qui
164 333 239 372 tibi
253 332 498 383 nequiquam
515 330 636 381 saepe
651 329 873 367 monstraui
890 328 1007 366 bene.

67 398 130 437 ΡΙ.
158 396 312 436 Ibidem
331 408 460 434 meam
476 407 642 447 operam
655 393 820 446 perdidi
835 405 925 445 ego,
942 394 1011 432 ubi
1027 394 1071 432 t1'1
1088 397 1217 431 tuam.

70 465 158 503 Tua
176 461 390 515 disciplina
406 462 480 500 nec
497 461 595 499 mihi
610 459 781 513 prodest
798 461 874 499 nec
895 461 982 499 tibi.
1272 463 1338 499 135

66 531 150 570 LV.
184 530 217 569 Ο
233 527 499 582 praeligatum
514 528 670 580 pectus.
718 527 780 566 ΡΙ.
812 526 987 565 Odiosus
1004 525 1155 564 mihi’s:

72 595 179 634 l‘ace
195 598 316 646 etque
333 606 522 646 sequere,
542 592 672 644 Lude,
688 605 765 632 me,
810 592 895 633 LV.
928 590 1025 631 Illuc
1042 594 1096 630 sis
1113 590 1229 630 uide:

67 660 156 700 Non
171 658 446 712 paedagogum
460 659 538 697 iam
553 670 631 709 me,
648 663 711 697 set
729 656 889 696 Ludum
904 661 1034 696 uocat.

67 725 128 764 ΡΙ.
159 725 248 764 Νοῐι
270 727 343 777 par
361 723 526 763 uidetur
541 726 676 775 neque
694 724 747 762 sit
762 726 1092 773 consentaneum,

71 790 200 839 Quom
215 790 282 828 hic
299 791 406 828 intus
423 790 476 828 sit
493 794 536 828 et
552 789 661 840 [una]
678 801 767 826 cum
784 788 908 826 amica
927 787 1102 826 adcubet
1271 792 1336 828 140

72 855 280 905 Quomque
298 853 532 893 misculetma
548 855 589 892 et
606 855 800 893 conuiuae
818 852 887 891 alii
904 852 1121 903 adcubent,

72 921 295 960 Praesente
310 921 400 958 ibus
417 933 495 958 una
511 919 767 972 paedagogus
785 920 828 957 1‘1t
844 919 934 956 siet.

70 986 149 1027 LV.
180 987 244 1024 An
260 986 337 1024 hec
354 985 404 1024 ad
420 997 486 1024 eas
502 998 570 1024 res
587 987 878 1037 opsonatumst‚
896 985 1067 1036 opsecro
1079 983 1099 1020 ’ἒ

67 1049 128 1093 ΡΙ.
160 1052 306 1105 Spenit
324 1051 487 1103 quidem
505 1052 678 1090 animus:
708 1063 786 1102 quo
803 1051 950 1088 euenat
968 1049 1029 1088 dis
1045 1051 1087 1088 1'11
1102 1053 1274 1088 manust.

66 1117 150 1158 LV.
181 1117 245 1155 Tu
262 1118 427 1155 amicam
441 1117 610 1156 habebis
621 1117 641 1154 ’ἓ
685 1116 748 1155 ΡΙ.
781 1116 909 1166 Quem
925 1115 1099 1167 uidebis,
1115 1116 1201 1154 tum
1217 1116 1336 1154 scies.

67 1182 149 1222 LV.
183 1182 306 1221 Immo
335 1194 469 1234 neque
501 1183 670 1221 habebis
700 1183 835 1233 neque
864 1182 1011 1219 sinam:
1046 1181 1061 1219 i
1085 1181 1246 1219 russum
1267 1179 1338 1218 do-

662 1261 778 1286 mum.
1272 1251 1339 1285 146

68 1313 131 1352 Pl.
164 1312 332 1363 Omitte,
355 1312 484 1363 Lude,
502 1326 545 1351 ac
562 1316 660 1352 caue
676 1312 794 1352 malo.
839 1313 922 1353 LV.
954 1312 1073 1363 Quid,
1091 1316 1188 1351 caue
1204 1311 1339 1350 malo?

71 1379 104 1417 Ο
122 1379 369 1428 barathrum,
386 1378 487 1416 ubi's
503 1391 608 1416 nunc
620 1378 640 1416 2²
670 1379 715 1417 1‘1t
731 1391 805 1429 ego
822 1383 864 1416 te
881 1378 1094 1430 ussurpem
1105 1376 1264 1416 lubens.

71 1443 192 1493 {Viud
209 1444 287 1482 iam
302 1444 424 1482 nimio
441 1442 569 1482 multo
588 1441 680 1495 plus
699 1457 815 1495 quam
827 1442 1066 1494 udlueram]

70 1510 229 1549 Vixisse
245 1511 368 1549 nimio
386 1511 529 1549 satiust
542 1511 620 1549 iam
638 1524 755 1562 quam
770 1513 924 1549 uiuere.
1273 1516 1340 1548 150

70 1576 299 1627 Magistron
317 1589 556 1628 quemquam
573 1576 813 1629 discipulum
829 1575 1086 1614 minitarier?

69 1641 131 1679 ΡΙ.
163 1642 243 1680 Iam
259 1641 434 1680 excessit
449 1643 502 1680 mi
519 1646 628 1681 aetas
646 1642 694 1680 ex
709 1642 942 1693 magisterid
959 1645 1042 1679 tuo.

69 1706 154 1747 LV.
184 1705 251 1745 Nil
267 1708 379 1745 mero
397 1706 617 1759 discipulos
634 1708 733 1746 mihi
749 1719 839 1746 esse
856 1705 1000 1759 plenos
1018 1707 1240 1756 sanguinis:

70 1769 223 1810 Valens
240 1770 421 1810 adflictet
437 1774 501 1811 me
516 1774 701 1812 uociuom
717 1773 875 1811 uirium.

71 1836 134 1874 ΡΙ.
165 1836 293 1887 Fiam,
308 1837 353 1875 1¹1t
367 1850 441 1889 ego
459 1839 617 1890 opinor,
636 1838 853 1890 Hercules,
870 1842 915 1877 tu
932 1839 1064 1877 autem
1079 1837 1217 1876 Linus.
1273 1842 1339 1875 155

71 1899 154 1939 LV.
183 1899 260 1938 Pol
280 1902 415 1941 metuo
431 1904 556 1954 magis
572 1916 624 1943 ne
638 1904 822 1943 Phoenix
839 1905 919 1942 tuis
934 1904 1053 1942 factis
1070 1903 1178 1941 fuam

76 1965 219 2018 Teque
235 1966 285 2005 ad
300 1974 456 2019 patrem
472 1981 562 2008 esse
578 1972 779 2010 mdrtuom
794 1971 1040 2009 renuntiem.

71 2030 133 2069 ΡΙ.
167 2031 272 2070 Satis
288 2033 598 2073 historiarumst.
642 2035 728 2076 LV.
758 2036 837 2074 Hie
853 2036 992 2074 uereri
1007 2032 1211 2087 perdidit:

75 2097 263 2136 Occissus
279 2098 346 2137 hic
360 2099 533 2142 homost.
566 2101 713 2153 ecquid
727 2103 770 2141 in
785 2102 1004 2140 mentemst
1017 2101 1094 2139 tibi

74 2162 237 2201 Patrem
253 2164 328 2202 tibi
345 2164 466 2203 esse?
513 2165 577 2204 ΡΙ.
607 2166 703 2205 Tibi
719 2179 794 2218 ego
813 2180 862 2205 an
878 2171 922 2206 tu
938 2167 1037 2205 mihi
1054 2167 1196 2205 seruos
1213 2163 1286 2203 es?

71 2226 156 2268 LV.
191 2228 471 2280 conpendium
487 2229 635 2282 edepol
652 2232 750 2270 haut
767 2233 889 2271 aetati
905 2229 1085 2284 optabile
1270 2234 1334 2269 161
