1511 2502
39 179 273 214 11212—-31
469 168 892 208 TRINVMMVS.
1230 168 1317 211 287

145 280 363 320 Lacrumas
378 281 479 320 haec
497 281 609 331 mihi,
627 283 746 332 quom
759 279 837 331 [ca]
856 281 992 331 uideo,
1011 280 1197 331 eliciunt,
1217 282 1311 333 quia

640 357 715 396 ego
734 344 784 383 ad
799 346 876 384 hoc
893 358 1020 396 genus
1241 351 1312 385 290

146 410 366 449 Hominum
387 410 620 463 perdurAui.
661 411 758 461 quin
782 423 846 448 me
872 410 922 448 ad
944 409 1074 463 pluris
1092 412 1311 462 penetraui

637 477 750 529 prius
761 477 781 514 ’ἓ

92 542 192 581 Nam
209 543 253 581 hi
270 554 403 581 mores
420 543 615 580 maiorum
630 540 812 591 laudant,
841 540 1007 580 eosdem
1023 539 1189 579 lutitant
1208 543 1309 593 quos

643 605 900 645 conlaudant.

201 674 276 712 His
295 686 370 725 ego
390 672 441 711 de
461 674 615 712 artibus
632 674 803 724 gratiam
818 673 938 722 fficio,

202 738 264 777 Ne
280 737 403 789 colas,
418 750 471 776 ne
489 739 630 776 inbuas
649 736 725 787 [eis
741 738 869 788 tuum]
885 737 1106 787 ingenium.

199 802 297 843 Μέο
315 802 435 842 modo
454 807 496 841 et
511 803 690 840 moribus
705 802 833 840 uiuito
852 802 1049 852 antiquis:
1238 807 1307 843 295

203 869 314 918 Quae
335 869 409 919 ego
426 869 503 906 tibi
518 868 744 919 praecipio,
766 879 813 904 ea
834 866 1102 919 [memineris]
1120 868 1258 908 facito.

200 934 269 973 Nil
285 946 359 984 ego
375 935 476 972 istos
492 946 630 971 moror
646 933 809 971 faeceos
826 934 975 983 mores,

202 999 425 1049 Turbidus,
444 1000 586 1050 quibus
603 999 700 1037 boni
718 997 969 1037 dedecorant
986 999 1090 1038 sese.

197 1065 311 1103 Haec
327 1066 403 1103 tibi
420 1067 454 1103 si
470 1065 657 1116 capesses
673 1077 761 1102 mea
774 1065 960 1117 imperia,

199 1129 333 1168 Multa
347 1131 453 1168 bona
466 1130 507 1167 in
523 1131 694 1181 pectore
712 1129 962 1182 [praecepta]
980 1130 1204 1170 consident.
1237 1137 1306 1171 300

37 1196 120 1236 LV.
154 1195 326 1248 Semper
353 1208 428 1246 ego
443 1208 572 1247 usque
590 1194 640 1233 ad
654 1196 758 1233 hanc
775 1199 950 1234 aetatem
967 1197 1015 1234 ab
1032 1197 1190 1235 ineunti
1207 1196 1304 1235 adu-

633 1259 835 1298 lescentia

36 1325 136 1365 Tuis
153 1326 306 1365 seruiui
328 1325 570 1363 seruitutem
586 1326 768 1377 imperiis
783 1328 1031 1378 praeceptis,
1045 1330 1176 1378 pater.

34 1392 116 1431 Pro
139 1391 302 1441 ingenio
328 1402 403 1440 ego
427 1402 491 1428 me
514 1390 690 1428 liberum
716 1403 807 1430 esse
831 1394 942 1430 ratus
959 1404 1060 1442 sum,
1084 1405 1159 1444 pro
1175 1393 1309 1445 impe-

633 1456 695 1493 rio
710 1460 780 1494 tuo

34 1521 176 1561 Meum
191 1520 365 1558 animum
380 1520 456 1558 tibi
473 1521 714 1558 se‘ruitutem
732 1522 891 1559 se'ruire
908 1533 1079 1573 aequom
1095 1522 1247 1560 censui.

35 1588 122 1627 PH.
161 1587 240 1636 Qui
267 1587 387 1624 homo
418 1599 508 1625 cum
537 1588 668 1625 animo
693 1587 790 1626 inde
816 1589 864 1626 ab
889 1589 1047 1626 ineunti
1072 1592 1206 1627 aetate
1232 1588 1304 1627 de-

50 1707 61 1718 !
633 1655 786 1704 pugnat
801 1666 888 1703 suo,
1236 1659 1305 1693 305

35 1719 182 1757 Vtrum
204 1717 315 1755 itane
340 1727 431 1755 esse
457 1715 625 1755 mauelit
652 1722 697 1755 ut
721 1730 812 1756 eum
842 1719 997 1757 finimus
1021 1730 1192 1770 aequom
1209 1721 1306 1758 cen-

636 1789 737 1833 seat,

35 1836 100 1888 An
113 1849 172 1887 ita
185 1847 322 1900 potius
337 1848 383 1886 1‘1t
397 1852 592 1899 parentes
609 1848 700 1886 eum
716 1861 808 1888 esse
825 1853 868 1888 et
882 1851 1045 1900 cognati
1062 1847 1216 1887 uelint:

37 1913 80 1952 Si
104 1913 257 1952 animus
277 1912 483 1950 hominem
497 1912 668 1965 pepulit,
694 1919 880 1964 actumst,
905 1915 1037 1953 animo
1054 1914 1198 1965 seruit,
1221 1915 1302 1952 non

637 1980 734 2018 sibi:

36 2042 107 2082 Sin
122 2045 212 2096 ipse
227 2043 402 2081 animum
417 2041 590 2094 pepulit,
605 2045 722 2095 uiuit,
738 2046 872 2083 uictor
888 2043 1092 2083 uictorum
1108 2043 1230 2084 cluet.

37 2107 102 2146 Τιί
126 2108 162 2146 si
185 2107 359 2146 animum
381 2106 517 2144 uicl'sti
540 2108 676 2158 potius
702 2121 820 2159 quam
844 2109 999 2147 animus
1021 2112 1087 2159 te,
1119 2109 1170 2148 ’st
1194 2107 1303 2160 quod

636 2172 825 2224 gaudeas,
1229 2182 1305 2216 310

37 2235 131 2288 [Qui
150 2238 325 2277 animum
346 2237 528 2287 uincam,
558 2239 675 2288 quam
701 2251 801 2289 quos
826 2238 995 2288 animus,
1024 2237 1187 2290 semper
1204 2249 1304 2289 pro-

632 2303 769 2342 biore's
786 2303 936 2342 cluent.
