1511 2502
197 99 278 140 252
679 102 987 143 PLAVTI
1184 112 1464 149 1111463-80

253 212 338 252 TR.
383 202 528 251 &mnia
556 214 706 252 iterum
735 215 796 252 uis
826 217 1057 267 memorari,
1088 215 1236 268 scelus,
1263 220 1309 254 ut
1339 215 1464 255 defiat

805 279 904 320 dies.

248 343 348 381 DAE.
382 331 555 395 Apstine
571 342 800 382 maledictis
819 349 861 384 et
876 347 930 384 mi
949 345 1058 397 quod
1074 347 1215 398 rogaui
1232 345 1354 385 dflue.

251 407 335 447 TR.
370 406 582 447 Cistellam
607 409 676 447 isti
698 410 834 448 inesse
860 415 1024 463 oportet
1040 411 1233 450 caudeam
1248 413 1291 450 in
1306 413 1385 451 isto
1399 413 1462 451 ui-

797 475 908 527 dulo‚
1176 473 1184 483 '

246 540 325 577 Vbi
364 544 457 577 sunt
495 540 609 590 signa
648 542 716 591 qui
752 543 936 593 parentis
973 544 1146 581 noscere
1184 544 1287 582 haec
1330 544 1460 594 possit

271 603 274 606 ’
794 620 901 656 suos,
1370 613 1459 647 1110

248 671 494 720 Quibuscum
509 683 634 722 parua
648 672 822 710 Athenis
837 673 977 723 periit,
996 673 1113 711 sicuti
1130 672 1212 711 dixi
1224 673 1350 725 prius.

246 736 331 774 GR.
378 735 563 786 Iuppiter
593 740 636 774 te
667 735 788 787 dique
818 737 1005 788 perdant.
1049 738 1144 788 quid
1175 739 1254 789 ais,
1293 739 1358 776 uir
1385 749 1458 776 ue-

792 803 954 841 nefice?

245 865 370 915 Quid,
409 866 512 904 istae
542 870 675 905 mutae
706 868 821 917 sunt,
862 880 963 917 quae
993 881 1067 919 pro
1099 880 1142 906 se
1173 866 1347 906 fabulari
1375 868 1455 908 ndu

795 934 975 984 queant?

245 997 329 1036 TR.
361 986 421 1036 Eo
446 1002 604 1048 tacent,
637 999 729 1049 quia
753 1000 916 1036 tacitast
933 998 1108 1050 [melior]
1125 996 1276 1037 mulier
1292 1010 1456 1050 semper

791 1068 907 1116 quam
922 1065 1106 1117 loquens.

244 1130 327 1170 GR.
368 1131 474 1169 Tum
512 1129 580 1182 pol
610 1135 654 1168 tu
683 1144 758 1183 pro
788 1132 972 1169 oratione
1001 1131 1077 1168 nec
1106 1131 1170 1168 uir
1199 1142 1276 1169 nec
1307 1129 1455 1169 mulier

793 1196 936 1235 mihi‘s.
1364 1200 1452 1234 1115

242 1262 327 1302 TR.
361 1261 565 1311 Quidum?
610 1262 694 1300 GR.
726 1263 828 1312 Quia
853 1262 958 1300 enim
981 1262 1115 1312 neque
1132 1259 1305 1311 loquens
1322 1272 1365 1298 es
1381 1261 1454 1299 ne-

793 1342 870 1381 que
889 1334 1028 1368 tacens
1044 1332 1232 1381 umquam
1247 1331 1388 1369 bonus.

240 1396 412 1445 Quae'SO,
436 1407 677 1446 enumquam
692 1394 817 1434 hodie
833 1395 977 1434 licebit
994 1396 1091 1434 mihi
1105 1394 1250 1446 loqui?
1285 1395 1386 1435 DAE.
1409 1393 1453 1434 Si

794 1460 1037 1510 praeterhac

241 1512 405 1574 [Vnum]
424 1525 595 1561 uerbum
611 1524 712 1561 faxis
723 1523 860 1574 hodie,
879 1527 954 1574 egd
966 1525 1041 1562 tibi
1054 1525 1305 1562 conminuam
1318 1527 1450 1575 caput.

237 1590 324 1629 TR.
355 1579 411 1628 Vt
426 1588 469 1627 id
485 1589 625 1640 occepi
644 1588 796 1639 dicere,
822 1601 923 1638 eam,
949 1589 1086 1639 sene'x,
1102 1593 1144 1627 te
1162 1601 1311 1639 quaeso
1330 1590 1451 1627 cistu-

791 1653 872 1693 lam

239 1712 296 1760 Vt
318 1721 459 1759 iubeas
483 1721 590 1759 hunc
615 1719 793 1758 reddere
815 1719 915 1758 illis:
948 1721 996 1758 db
1016 1732 1103 1758 eam
1120 1719 1256 1770 siquid
1270 1717 1451 1771 postulat
1509 1735 1511 1777 g

241 1787 326 1826 Sibi
350 1785 576 1836 mercedis,
608 1785 790 1825 dabitur:
821 1785 919 1824 aliut
951 1784 1148 1837 quidquid
1176 1785 1274 1822 ibist
1302 1784 1452 1822 habeat
1509 1783 1511 1789 ’

790 1852 878 1889 sibi.
1360 1855 1448 1889 1121
1506 1854 1508 1859 '

240 1919 324 1958 GR.
355 1918 472 1958 Nunc
489 1917 650 1956 demum
664 1918 769 1956 istuc
787 1916 901 1967 dicis,
929 1916 1115 1967 quoniam
1130 1916 1193 1953 i1'1s
1210 1926 1342 1952 meum
1359 1925 1449 1952 esse

785 1981 1012 2033 intellegis:

237 2048 399 2088 Dudum
423 2047 628 2087 dimidiam
651 2048 822 2099 petebas
845 2050 1015 2100 partem.
1061 2044 1147 2084 TR.
1179 2043 1302 2082 Immo
1328 2043 1449 2081 etiam

779 2112 887 2150 ni'mc
902 2116 1013 2164 peto.

238 2178 323 2218 GR.
354 2177 450 2218 Vidi
473 2181 620 2229 petere
644 2174 829 2226 miluom,
860 2178 982 2215 etiam
1008 2175 1127 2226 quom
1146 2171 1249 2211 nihil
1265 2170 1448 2210 auferret

779 2246 926 2280 tamen.
