1511 2502
167 104 249 144 270
646 102 956 142 PLAVTI
1152 113 1436 149 v454-513
1490 144 1511 154 ,,

169 215 249 255 ST.
267 215 363 255 Mea
379 216 513 254 suauis
530 212 711 254 amabilis
727 226 893 253 amoena
911 213 1191 268 Stephanium,
1213 215 1262 255 ad
1277 218 1435 256 amores

770 286 861 319 tuos

167 346 295 386 Foras
319 346 542 398 egredere:
575 350 635 385 sat
652 347 752 385 mihi
767 345 953 398 pulcra'S.
999 346 1077 386 SA.
1110 335 1166 385 At
1182 349 1289 386 enim
1307 348 1436 399 [mihi]

770 409 1040 463 pulcerruma.
1449 408 1452 411 Δ

266 478 374 517 Face
390 490 463 516 nos
479 476 633 516 hilaros
650 475 868 515 hilariores
884 478 1008 529 opera
1021 480 1142 527 atque
1158 475 1337 516 aduentu
1349 482 1434 518 tuo.

263 542 445 593 Pe'regre
461 541 726 581 aduenientes
737 547 780 580 te
791 543 1032 594 expetimus,
1050 541 1435 595 Stephaniscidium‚

768 606 848 645 mel
863 619 1009 657 meum,
1367 614 1436 649 740

169 674 211 712 Si
228 673 450 712 amabilitas
466 674 541 712 tibi
558 672 692 724 placet
708 677 862 722 nostra,
879 674 994 710 ambo
1011 673 1045 711 si
1062 676 1219 725 accepti
1233 687 1378 714 sumus.

169 477 248 518 S'r.

169 542 245 582 SA.

171 855 517 893 STEPHANIVM.
557 854 789 893 S'rlcnvs.
830 854 1436 907 S.4‹,·..1111m⁷s.<T1121cm.)

175 940 285 981 STE.
317 941 627 992 Morigerabor‚
658 939 773 979 meae
798 938 992 977 deliciae:
1019 953 1109 978 nam
1131 942 1185 978 ita
1209 953 1272 979 me
1297 941 1436 981 Venus

772 1006 938 1044 amoena
959 1010 1078 1056 amet,

171 1064 224 1111 ft
241 1084 315 1124 ego
332 1073 410 1110 huc
429 1073 506 1110 iam
524 1070 675 1111 dudum
692 1073 827 1110 simitu
845 1073 1016 1110 exissem
1031 1072 1240 1110 uobiscum
1256 1071 1381 1122 foras,

167 1137 202 1175 N
206 1138 254 1175 isi
271 1150 334 1176 me
352 1139 468 1177 uobis
487 1139 736 1176 exornarem.
770 1150 860 1175 nam
879 1139 972 1175 itast
987 1137 1193 1187 ingenium
1212 1135 1435 1175 muliebre:

167 1203 278 1241 Bene
291 1216 411 1254 quom
424 1202 532 1242 lauta
549 1204 658 1242 tersa
669 1207 810 1241 ornata
825 1202 975 1252 fictam,
991 1202 1183 1239 infectast
1198 1206 1352 1240 tamen:
1368 1207 1435 1242 745

169 1269 384 1320 Nimioque
401 1270 478 1308 sibi
495 1268 644 1308 mulier
660 1269 857 1307 meretrix
873 1268 1058 1319 repperit
1074 1265 1209 1305 odium
1225 1267 1335 1305 ocius

169 1333 246 1371 Sua
264 1333 502 1373 inmunditia
515 1363 526 1385 ,
555 1337 670 1386 quam
686 1335 728 1372 in
744 1338 987 1386 perpetuom
1003 1337 1047 1371 ut
1062 1331 1225 1384 placeat
1240 1330 1436 1370 munditia

770 1414 850 1439 sua.

168 1464 263 1503 STI.
296 1466 471 1505 Nimium
501 1465 642 1518 lepide
676 1465 904 1505 fabulatast.
966 1465 1042 1504 SA.
1081 1465 1257 1503 Veneris
1286 1469 1436 1503 merast

771 1532 915 1570 oratio.

168 1594 264 1634 STI.
311 1595 518 1646 Sagarine.
583 1597 659 1634 SA.
706 1597 812 1645 Quid
844 1598 936 1634 est?
994 1595 1090 1634 STI.
1139 1596 1269 1633 Totus
1298 1593 1431 1633 doleo.

771 1661 846 1699 SA.
877 1661 1035 1699 Totus?
1066 1665 1178 1698 tanto
1196 1661 1397 1699 miserior.

168 1726 284 1764 STE.
311 1716 459 1765 x'strubi
477 1727 701 1766 adcumbo?
747 1726 821 1765 SA.
840 1727 988 1765 Vtrubi
1006 1731 1049 1764 tu
1064 1727 1155 1766 uis?
1200 1726 1316 1767 STE.
1335 1727 1434 1766 Cum

716 1793 908 1830 ambobus
925 1792 1037 1830 uolo:
1068 1805 1159 1831 nam
1179 1794 1316 1831 ambos
1333 1806 1432 1832 amo.

169 1857 265 1896 STI.
279 1857 453 1910 Vapulat
466 1857 687 1910 peculium:
707 1862 896 1896 actumst:
914 1858 1019 1909 frigit
1035 1857 1293 1898 hoclibertAs
1303 1864 1434 1911 caput.

169 1923 283 1962 STE.
317 1923 419 1962 Date
445 1925 498 1962 mi
514 1923 647 1963 locum
661 1925 729 1963 ubi
746 1922 1002 1975 adcumbam,
1033 1926 1194 1975 amabo,
1219 1927 1253 1963 si
1271 1924 1435 1976 quidem

770 1989 932 2042 placeo:
962 1994 1053 2030 nam
1068 1992 1167 2031 mihi
1367 1997 1436 2032 752

169 2055 315 2107 [Nunc]
349 2070 436 2094 cum
469 2062 643 2108 utroque
674 2058 780 2096 bene
805 2069 896 2095 esse
914 2058 1044 2109 cupio.
1089 2057 1187 2096 STI.
1220 2057 1434 2110 Dispereo.

769 2122 867 2174 quid
883 2126 939 2161 ais
952 2123 972 2160 2²
1018 2123 1095 2163 SA.
1128 2122 1236 2173 Quid
1251 2123 1344 2162 est?

168 2185 265 2224 S'rl.
298 2177 355 2225 lta
380 2200 444 2227 me
470 2185 510 2227 di
537 2193 693 2239 ament,
722 2190 938 2239 numquam
965 2189 1074 2226 enim
1096 2189 1169 2227 fiet
1190 2187 1314 2227 hodie
1333 2188 1435 2227 haec

771 2255 865 2305 quin
884 2253 1005 2292 saltet
1021 2258 1169 2292 tamen.
