1511 2502
180 81 262 123 112
664 80 974 120 PLAVTI
1219 96 1509 133 V243—59-

178 195 244 234 NI.
270 192 347 233 Pol
362 195 463 233 ue'ro
480 194 559 232 ista
574 191 677 232 mala
695 196 737 232 et
753 193 798 231 t1'1
815 191 946 232 nihili.
977 193 1061 232 PH.
1080 194 1187 244 Quid
1199 196 1352 236 multa?
1378 211 1453 250 ego

687 271 786 297 amo.
816 258 880 298 NI.
897 259 961 296 An
979 260 1116 298 amas?
1143 260 1229 301 PH.
1251 259 1339 303 Ναὶ
1354 261 1450 315 γάρ.

178 325 243 364 NI.
269 325 402 376 Tune,
427 325 548 364 hdmo
569 322 727 377 putide,
753 325 906 362 amatdr
922 324 1023 362 istac
1039 325 1131 363 fieri
1149 326 1281 366 aetate
1299 327 1421 368 audes
1433 330 1453 368 2²

788 388 872 428 PH.
903 389 982 438 Qui
997 390 1108 428 non?

179 455 244 496 M.
277 455 379 504 Quia
394 456 643 507 flagitiumst.
686 455 772 494 PH.
797 454 905 504 Quid
921 456 1041 507 opust
1058 457 1228 496 uerbis?
1257 469 1347 497 meo
1364 457 1451 497 filio

782 534 864 560 non
881 534 968 560 sum
983 523 1110 561 iraeitus

177 587 323 639 Neque
340 588 383 626 te
399 592 509 626 tuost
528 599 699 639 aequom
717 599 807 626 esse
825 589 991 625 iratum:
1021 587 1057 625 si
1073 590 1219 639 amant,
1245 589 1452 641 sapienter

783 651 949 690 faciunt.
1362 660 1450 694 1165

178 718 259 756 BA.
379 718 395 736 *
514 718 532 735 *²
649 717 667 735 *
783 727 959 766 sequere
979 717 1065 756 heic.
1110 717 1176 757 NI.
1206 718 1316 757 Eunt
1337 730 1451 757 eccas

783 779 949 819 tandem

179 845 592 899 Probripellecebrae
624 848 666 884 et
704 846 1014 897 persuzistrices.
1069 845 1166 897 quid
1199 848 1337 887 minc?
1373 850 1452 887 iam

785 910 962 949 redditis
980 912 1098 951 ndbis

177 978 308 1018 Filios
326 984 367 1017 et
391 977 584 1017 seruom?
615 990 664 1015 an
682 989 756 1028 ego
776 977 965 1028 experior
980 977 1117 1016 tecum
1133 979 1214 1017 uim
1229 979 1450 1018 maiorem?

783 1042 867 1081 PH.
902 1031 1009 1081 Abin
1024 1043 1150 1082 hine?

175 1110 265 1148 Non
282 1109 401 1147 hdmo
419 1113 463 1147 tu
479 1108 643 1160 quidem
661 1120 727 1158 es,
761 1109 829 1160 qui
844 1109 948 1146 istde
962 1112 1082 1160 pacto
1098 1112 1181 1148 tam
1196 1109 1373 1162 lepidam
1390 1112 1444 1149 in-

784 1173 925 1226 lepide
944 1173 1142 1226 appelles.

176 1238 260 1279 BA,
290 1238 425 1277 Senex
450 1240 639 1290 dptume,
672 1243 904 1289 quantumst
928 1241 970 1278 1‘11
991 1244 1126 1291 terra,
1153 1241 1240 1279 sine
1259 1240 1353 1292 [me]
1373 1241 1445 1282 hoc

783 1318 952 1343 exorare
970 1308 1039 1357 aps
1056 1310 1113 1356 te,
1359 1311 1445 1346 1170

175 1371 232 1409 Vt
255 1371 362 1409 istuc
388 1368 584 1408 delictum
611 1369 784 1409 de'sistas
811 1375 924 1409 tanto
943 1373 1068 1423 dpere
1084 1371 1147 1408 ire
1164 1373 1446 1423 oppugnatum.

176 1436 241 1475 M.
272 1437 323 1475 Ni
341 1437 484 1488 abeds,
510 1449 747 1489 quamquam
764 1441 808 1475 tu
823 1436 984 1487 bella's,
1009 1434 1158 1474 malum
1173 1436 1249 1474 tibi
1264 1438 1446 1487 mfignum

786 1501 888 1540 dabo
906 1503 994 1541 iam.
1044 1502 1125 1541 BA.
1155 1502 1313 1540 Patiar:

173 1566 264 1605 Non
303 1569 439 1605 metuo
471 1566 625 1619 nequid
654 1568 753 1605 mihi
785 1566 925 1605 doleat
954 1566 1062 1618 quod
1090 1567 1226 1606 ferias.
1285 1566 1348 1606 M.
1393 1566 1445 1607 V.

781 1631 1095 1683 blandiloquast.

176 1699 258 1737 Hei
273 1699 386 1749 mihi,
404 1703 553 1738 metuo.
585 1699 667 1738 BA.
690 1699 769 1737 Hic
779 1700 905 1750 magis
917 1697 1200 1749 tranquillust:
1248 1698 1266 1719 *
1326 1699 1344 1718 *
1402 1703 1418 1716 *

173 1764 189 1802 1
215 1765 290 1802 hac
313 1766 471 1803 mecum
496 1765 625 1802 intro:
667 1768 787 1815 atque
818 1765 875 1802 ibi
905 1763 1040 1814 siquid
1064 1765 1125 1802 uis
1150 1763 1279 1802 filium
1304 1776 1446 1803 conca-

348 1873 351 1876 ·
780 1831 939 1880 stigato.
1357 1835 1445 1869 1175

173 1894 239 1933 NI.
271 1895 379 1933 Abin
405 1897 529 1945 aime,
554 1892 720 1933 scelus?
762 1895 845 1932 BA.
875 1894 987 1945 Sine,
1011 1896 1099 1933 mea
1117 1895 1263 1946 pietaS‚
1291 1898 1334 1933 te
1352 1896 1447 1933 exd-

777 1972 876 1999 rem.
917 1960 983 2000 NI.
1013 1960 1170 1999 Exores
1188 1961 1233 1998 tl'l
1249 1959 1344 1998 me?

174 2024 252 2063 So.
283 2023 371 2075 Ego
397 2024 559 2076 quidem
583 2026 631 2065 ab
653 2025 732 2064 hoc
749 2030 863 2064 certe
881 2026 1069 2065 exdrabo.
1110 2025 1197 2064 PH.
1227 2025 1351 2062 Immo
1369 2035 1443 2075 ego

776 2098 818 2131 te
837 2095 908 2131 dro
926 2097 970 2131 ut
986 2105 1051 2132 me
1071 2093 1181 2131 intro
1200 2090 1386 2130 abducas.

167 2155 249 2195 SO.
281 2155 484 2208 Lepidum
508 2161 563 2198 te.
603 2157 690 2198 PH.
722 2158 777 2196 At
800 2159 885 2196 scin
904 2171 980 2208 quo
995 2160 1114 2210 pacto
1131 2169 1195 2195 me
1211 2155 1261 2194 ad
1276 2160 1318 2194 te
1334 2157 1443 2194 intro

1509 2007 1511 2068 λ

1508 2070 1511 2163 ἒ

774 2221 979 2261 zibducas?
1017 2221 1095 2262 So.
1130 2222 1294 2261 Mecum
1310 2222 1354 2259 1'1t
1369 2221 1439 2261 sis.
1510 2244 1511 2247 =
