1511 2502
101 107 157 138 1111
182 104 203 138 2
224 102 361 139 33—49
548 94 574 132 s
604 93 633 133 T
661 93 678 132 1
708 93 738 132 c
768 93 801 132 a
830 93 862 130 v
890 94 936 132 S.
1291 95 1372 135 263

101 208 183 247 GE.
217 206 509 247 certumnest?
554 206 636 244 PA.
670 206 850 244 Certum.
895 206 980 246 GE.
1010 196 1168 258 Edepol
1187 210 1229 244 te
1246 203 1370 244 hodie

697 268 836 322 lapide
850 271 1090 322 percussum
1105 269 1243 310 uelim.

98 339 180 378 PA.
214 337 302 376 Νόιι
336 340 493 376 metuo:
530 349 604 389 per
628 336 791 374 hortum
817 335 972 386 traibo,
1009 337 1089 373 ndu
1121 334 1295 387 prodibo
1327 337 1369 373 in

700 398 923 452 puplicum.

96 468 177 506 ΕΡ.
211 467 317 518 Quid
333 469 404 519 ais,
428 466 666 507 Gelasimo?
710 465 794 504 GE.
829 454 1025 503 Oratores
1040 469 1083 503 tu
1100 465 1269 515 accipis:
1297 465 1370 502 ha·

703 532 800 570 beas
816 531 905 569 tibi.
1300 535 1366 570 615

95 600 174 639 ΕΡ.
201 598 286 638 Tua
301 597 372 652 pol
389 598 532 637 refert.
574 597 656 636 GE.
676 585 899 635 Enimuero
917 596 951 634 si
967 594 1055 635 mea
1072 596 1217 645 refert,
1240 608 1366 647 opera

699 663 838 700 utere:

98 730 239 768 Posce.
286 728 366 767 ΕΡ.
399 727 560 781 Edepol
583 729 660 767 tibi
682 730 826 780 opinor
852 728 973 766 etiam
999 729 1068 766 uni
1086 725 1219 765 locum
1239 726 1362 777 [esse]

702 795 930 846 conspicor,

98 850 176 898 x'fbi
196 859 384 899 adcubes.
438 860 522 899 PA.
555 859 660 899 Sane'
674 858 907 898 faciundum
924 860 1084 898 censeo.
1133 860 1217 899 GE.
1247 858 1366 898 Olux

698 924 849 977 oppidi.

93 990 172 1029 ΕΡ.
204 989 248 1029 Si
278 993 365 1029 arte
394 992 552 1043 poteris
581 990 796 1030 adcubare.
845 991 930 1030 GE.
963 990 1042 1031 Vel
1071 992 1181 1029 inter
1213 1004 1363 1030 cuneos

696 1057 877 1095 fe'rreos:

97 1122 320 1161 Tantillum
337 1123 416 1161 loci
433 1124 502 1162 1'1bi
520 1122 689 1162 catellus
706 1124 843 1173 cubet,
859 1121 901 1160 id
919 1123 1015 1160 satis
1033 1125 1114 1160 erit
1130 1124 1240 1162 mihi.
1299 1129 1366 1163 620

92 1187 173 1226 ΕΡ.
206 1178 392 1226 Exorabo
425 1186 560 1239 aliqud
591 1188 730 1226 modo:
774 1188 882 1227 ueni.
928 1187 1013 1227 GE.
1043 1188 1205 1227 Hucine
1218 1188 1237 1226 2²
1281 1188 1362 1226 ΕΡ.

694 1253 817 1291 Immo
835 1253 876 1290 in
893 1254 1114 1291 carcerem.

91 1318 127 1357 N
131 1321 192 1357 am
216 1319 282 1357 hic
308 1317 471 1369 quidem
494 1320 656 1370 genium
673 1317 885 1357 meliorem
899 1316 1010 1356 tfmm
1026 1330 1108 1356 non
1124 1317 1263 1356 facies.
1297 1317 1362 1356 ea-

697 1397 797 1434 mus,
818 1388 874 1421 tu.

90 1449 172 1488 PA.
205 1447 313 1487 Deos
337 1447 520 1487 salutabo
544 1448 684 1487 modo:
713 1453 833 1500 poste
850 1447 900 1486 ad
915 1448 958 1486 te
973 1449 1165 1487 continuo
1182 1450 1360 1487 trinseo.

92 1513 175 1553 GE.
208 1512 314 1562 Quid
337 1514 490 1564 igitur?
533 1514 614 1555 ΕΡ.
647 1515 738 1553 Dixi
763 1513 954 1565 equidem
976 1514 1021 1551 in
1041 1525 1249 1552 carcerem
1265 1515 1358 1550 ires.

697 1580 780 1620 GE.
813 1580 920 1629 Quin
935 1580 1170 1630 sii1'1sseris,

91 1632 152 1684 Eo
171 1655 332 1696 quoque
348 1643 427 1681 ibo.
467 1644 547 1684 ΕΡ.
573 1644 624 1683 Di
638 1643 890 1695 inmortales,
906 1645 972 1683 hic
990 1643 1153 1695 quidem
1170 1643 1240 1696 pol
1256 1656 1362 1682 sum-

696 1723 799 1748 mam
813 1711 854 1747 in
872 1722 1034 1748 crucem
1295 1713 1360 1748 625

93 1772 204 1811 Cena
242 1776 308 1810 aut
343 1771 514 1824 prandio
552 1772 724 1825 perduci
762 1776 880 1826 potis.
940 1775 1023 1814 GE.
1067 1774 1125 1812 lta
1153 1774 1360 1825 ingenium

694 1845 887 1879 meumst:

94 1904 327 1952 Quicumuis
344 1903 531 1956 depugno
548 1904 675 1944 multo
691 1905 850 1944 facilius
868 1919 986 1957 quam
1002 1906 1093 1944 cum
1108 1905 1226 1944 fame.

94 1969 173 2008 ΕΡ.
202 1969 238 2007 N
241 1970 306 2007 dui
322 1981 417 2020 ego:
450 1976 544 2022 aput
562 1984 626 2010 me
641 1972 738 2010 satis
754 1976 977 2024 spectatast
991 1972 1090 2010 mihi
1105 1972 1185 2010 iam
1199 1977 1267 2011 tua
1282 1972 1361 2010 ista

691 2035 867 2075 fficilitas

92 2108 111 2124 *
263 2108 280 2126 *
429 2110 446 2128 *
598 2112 617 2130 ῆι
768 2110 787 2131 *
937 2110 957 2131 ³1<
1109 2111 1129 2131 *

90 2161 195 2200 D1'1m
224 2164 424 2215 parasitus
454 2165 551 2204 mihi
575 2170 695 2217 atque
720 2166 841 2205 fratri
872 2165 985 2206 fuisti
996 2195 1007 2217 ,
1038 2178 1126 2205 rem
1156 2166 1361 2217 confregi-

694 2244 794 2272 mus,
1293 2236 1361 2270 630
