1511 2502
84 97 296 133 v24-20
490 84 947 125 CVRCVLIO.
1274 83 1352 125 151

140 200 261 238 Pater
288 200 406 238 istum
432 210 542 236 meus
568 197 788 248 gestitauit.
835 196 920 237 CV.
951 185 1003 234 Ᾰῑ
1028 196 1129 249 [pol]
1155 208 1243 234 mea
1270 210 1352 235 ma-

689 262 856 300 tertera.

140 331 219 370 PL.
249 330 386 368 Macer
415 327 477 366 illi
506 327 705 366 utimdum
734 327 917 366 dederat.
970 328 1054 368 CV.
1090 328 1203 367 Tuus
1234 333 1351 380 pater

688 394 846 431 russum
864 393 974 432 mihi.

141 460 217 498 PL.
250 458 384 509 Nugas
401 459 541 509 garris.
585 457 668 498 CV.
699 457 843 496 Sdleo:
874 471 964 496 nam
982 459 1154 510 propter
1172 470 1238 496 eas
1256 459 1349 496 uiuo

690 525 859 565 facilius.

139 592 244 642 Quid
261 592 395 630 nunc?
439 591 516 631 PL.
545 592 727 643 Opsecrd
744 592 927 643 parentis
943 592 995 629 ne
1012 603 1124 630 meos
1141 593 1239 630 mihi
1255 594 1352 644 prd-

687 658 841 696 hibeas.
1283 663 1349 696 605

139 723 222 762 CV.
255 722 360 772 Quid
385 734 459 773 ego
471 723 491 760 ’.ἔ
523 724 593 760 sub
612 725 821 773 gemmane
840 726 1068 774 apstrussos
1094 723 1224 761 habeo
1242 726 1350 761 tuam

679 794 850 827 matrem
867 789 907 826 et
923 788 1111 840 patrem?

138 856 216 894 PL.
247 856 394 894 Libera
413 868 487 906 ego
504 869 589 894 sum
607 858 712 894 11313.
753 855 836 894 CV.
857 855 910 893 Et
927 852 996 891 alii
1013 852 1143 903 multi,
1162 854 1230 905 qui
1245 867 1350 892 nunc

687 921 881 958 seruiunt.

85 998 90 1003 ⁴
140 989 218 1028 PL.
246 978 466 1028 Enimuero
483 990 649 1027 irascdr.
692 989 775 1028 cV.
802 989 894 1026 Dixi
911 988 1100 1040 equidem
1117 989 1210 1039 tibi,
1241 989 1350 1028 unde

690 1055 738 1093 ad
757 1067 819 1093 me
837 1055 903 1093 hic
920 1055 1184 1107 peruenerit:

141 1122 338 1170 Qutitiens
351 1120 638 1159 dicundumst?
661 1120 784 1159 elussi
800 1119 985 1171 militem,
1002 1121 1179 1171 inquam,
1196 1121 1238 1157 in
1249 1118 1348 1158 alea.

142 1187 231 1226 TH.
259 1186 401 1226 Saluos
418 1200 524 1226 sum:
556 1200 694 1226 eccum
713 1188 831 1239 quem
851 1187 1107 1238 quaerebam.
1139 1184 1237 1237 quid
1254 1186 1350 1236 agis,

689 1254 795 1290 bone
812 1251 905 1289 uir?
946 1251 1030 1290 CV.
1056 1250 1211 1289 Audio:
1286 1256 1353 1290 610

142 1317 186 1355 Si
203 1318 262 1354 uis
280 1318 408 1355 tribus
424 1316 531 1356 bolis
547 1317 613 1355 uel
632 1319 672 1355 in
692 1315 959 1355 chlamudem.
1000 1316 1091 1354 TH.
1124 1316 1229 1365 Quin
1257 1320 1301 1354 tu
1319 1316 1352 1354 is

690 1383 731 1419 in
750 1380 893 1420 malam
910 1393 1072 1419 crucem

146 1446 244 1484 Ci'im
273 1445 396 1497 bolis,
428 1459 515 1484 cum
542 1445 708 1485 bulbis?
740 1446 860 1483 etiam
889 1444 1018 1483 redde
1049 1449 1258 1495 argentum
1287 1451 1353 1482 aut

690 1513 900 1563 uirginem.

144 1576 225 1614 (JV.
245 1575 360 1624 Qudd
378 1581 602 1627 argentum,
621 1590 716 1628 quas
733 1578 776 1615 ἰή
792 1577 890 1614 mihi
906 1577 1029 1615 tricas
1046 1576 1214 1615 narras?
1236 1590 1351 1627 quam

693 1648 736 1681 tu
753 1643 952 1694 uirginem

145 1707 216 1745 Me
232 1707 442 1759 reposcis?
469 1708 558 1747 TH.
580 1709 705 1758 Quam
723 1710 770 1746 ab
786 1708 938 1746 lenone
953 1707 1118 1747 abdiixti
1130 1708 1203 1759 [tu]
1216 1707 1352 1755 hodie,

694 1772 825 1811 scelus
841 1773 930 1810 uiri.

149 1835 229 1874 CV.
253 1835 414 1874 Nullam
434 1836 592 1877 abduxi.
636 1838 725 1877 TH.
750 1838 874 1876 Certe
893 1838 1082 1875 eccistam
1099 1836 1231 1875 uideo.
1265 1835 1351 1874 PH.

690 1903 816 1954 Virgo
835 1904 935 1941 haec
951 1901 1135 1942 liberast.
1287 1907 1353 1941 615>

150 1964 238 2002 TH.
269 1965 416 2004 Me'ane
440 1966 586 2006 ancilla
608 1966 740 2006 libera
764 1973 807 2005 ut
832 1969 897 2017 sit,
916 1981 1032 2018 quam
1051 1969 1123 2018 e'go
1141 1980 1355 2018 numquam

698 2034 834 2071 emissi
853 2033 999 2071 manu?

150 2094 233 2131 PH.
265 2095 361 2143 Quis
383 2096 459 2133 tibi
483 2097 585 2135 hanc
610 2097 721 2137 dedit
746 2100 957 2150 mancupio
982 2104 1049 2137 aut
1066 2097 1174 2137 (inde
1192 2100 1356 2138 emisti?

691 2164 754 2202 fac
771 2165 904 2202 sciam.
989 2205 992 2208 ,

151 2223 238 2262 ΤΗ.
258 2215 342 2276 Ego
357 2225 517 2277 quidem
533 2241 607 2279 pro
624 2229 723 2268 istac
740 2243 825 2268 rem
844 2230 945 2268 solui
962 2231 1008 2268 zib
1024 2230 1240 2282 tarpessita
1251 2241 1355 2279 meo,
