1511 2502
432 98 649 140 PLAVTI
705 97 1073 137 AMPHITRVO.

120 216 153 253 A
171 215 287 253 uobis
306 214 426 252 iussit
441 212 595 250 leniter
615 210 735 248 dictis
754 211 884 248 bonis.

122 280 284 318 Etenim
300 278 394 329 ille,
420 278 564 329 quoius
580 277 659 314 huc
676 276 788 314 iussu
807 276 951 325 uenio,
978 276 1161 326 luppiter

119 347 209 386 Non
226 348 356 384 minus
377 358 495 397 quam
512 348 694 382 uostrum
711 344 844 394 quiuis
861 341 1056 380 formidat
1073 341 1241 379 malum:

122 415 303 452 Humana
319 415 448 449 matre
468 413 586 449 natus
598 438 609 459 ,
635 411 808 448 humano
826 414 958 460 patre,

121 480 266 518 Mirari
281 491 362 516 non
379 481 443 515 est
459 478 627 528 aequom
641 505 652 526 ‚
678 477 755 514 sibi
773 477 805 514 si
823 475 1054 526 praetimet.

120 546 256 596 Atque
274 544 348 594 e'go
367 554 529 594 quoque
548 543 668 580 etiam
681 570 692 591 ‚
720 543 787 592 qui
803 541 909 579 Iouis
928 553 1013 578 sum
1031 538 1157 589 filius,

122 609 376 660 Contagione
396 606 476 646 mei
495 608 623 659 patris
642 608 778 645 metuo
797 605 957 644 malum.

120 675 348 726 Propterea
363 685 504 725 pacem
520 672 692 711 aduenio
713 677 755 710 ct
774 671 824 710 ad
840 685 912 710 uos
932 671 1087 710 adfero.

121 743 267 780 lustdm
283 753 371 778 rem
390 744 432 778 et
448 738 612 778 facilem
629 752 720 777 esse
738 740 892 777 oratam
909 752 929 776 a
946 739 1061 776 uobfs
1078 736 1193 775 uolo:

122 807 220 846 Nam
238 807 345 867 itis-ta
362 807 408 844 ab
424 806 543 844 iustis
559 805 689 843 iustus
706 817 792 842 sum
808 806 946 843 orator
964 803 1102 841 datus:

126 871 224 910 Nam
241 872 393 909 iniusta
412 872 459 908 ab
477 872 594 908 iustis
611 871 824 921 Impetrari
839 872 921 908 non
943 869 1077 918 decet,

126 939 230 975 {usta
248 937 382 974 autem
398 938 445 974 ab
463 937 624 974 iniustis
641 939 788 987 petere
803 935 1098 986 insipientiast:

124 1003 284 1054 Quippe
310 1001 371 1040 illi
388 1003 518 1053 iniqui
538 1003 601 1039 ius
617 1003 808 1051 ignorant
825 1002 959 1051 neque
979 1005 1135 1038 tenent.

123 1067 238 1106 Nunc
254 1068 333 1105 hnic
353 1068 526 1104 animum
545 1079 684 1104 omnes
703 1067 805 1117 quae
819 1065 966 1117 loquar
985 1065 1201 1104 adudrtite.

122 1133 291 1171 Debetis
307 1131 419 1170 uelle
439 1132 541 1183 quae'
561 1131 755 1170 uelimus:
780 1132 1000 1169 me'ruimus

122 1199 176 1237 Et
194 1211 269 1249 ego
287 1199 328 1236 et
342 1202 461 1250 pater
479 1198 529 1236 de
545 1199 661 1236 udbis
679 1202 721 1236 et
740 1210 786 1236 re
802 1197 977 1249 puplica.

123 1265 222 1304 Nam
241 1264 338 1316 quid
353 1276 427 1315 ego
447 1276 668 1302 memorem
680 1293 691 1315 ‚
716 1269 761 1302 ut
777 1262 875 1302 alios
892 1264 934 1301 in
950 1263 1173 1314 tragoediis

123 1329 241 1380 Vidi,
268 1329 501 1382 Neptunum
513 1358 524 1379 ‚
551 1330 756 1369 Virtutem
768 1358 779 1380 ,
805 1329 1043 1379 Victoriam,

123 1395 321 1445 Martem,
347 1393 579 1445 Bellonam,
606 1397 912 1433 conmemorare
932 1395 1034 1446 quae'
1050 1395 1156 1432 bona

122 1461 249 1500 Vobis
265 1460 493 1499 fecissent?
524 1462 612 1512 quis
632 1461 862 1499 benefactis
879 1462 991 1499 me'us
1009 1465 1140 1513 pater,

122 1526 302 1564 Deorum
316 1530 532 1577 regnator,
558 1527 827 1565 architectust
846 1528 1042 1565 omnibus.

123 1590 196 1629 Set
211 1589 283 1629 ille
298 1604 515 1643 numquam
533 1593 618 1630 mos
634 1592 713 1630 fuit
727 1595 835 1644 patri
851 1605 956 1641 meo,

123 1656 178 1695 Vt
195 1656 465 1707 exprobraret
483 1657 592 1708 quod
608 1658 726 1696 bonis
744 1658 903 1696 faceret
918 1660 1035 1697 boni:

123 1722 292 1759 Gratum
311 1723 534 1761 arbitratur
552 1724 642 1761 esse
661 1723 704 1761 id
720 1738 741 1761 a
755 1725 872 1762 uobis
890 1725 968 1762 sibi

121 1787 359 1839 Meritoque
377 1788 494 1826 uobis
512 1789 618 1827 bona
638 1801 681 1827 se
698 1789 837 1827 facere
858 1790 960 1840 quae
981 1789 1089 1828 facit.

1350 545 1393 577 30

122 1852 236 1892 Nunc
254 1856 370 1905 qutim
383 1865 471 1891 rem
489 1858 646 1892 oratum
662 1854 741 1893 huc
757 1856 866 1905 ueni,
881 1856 1057 1907 primum
1072 1856 1317 1909 proloquar:
1348 1866 1393 1898 50

122 1921 221 1959 Post
236 1923 516 1972 argumentum
532 1922 652 1960 huius
669 1921 840 1973 eloquar
858 1922 1107 1974 tragoediae.

124 1985 231 2034 Quid
251 1987 508 2025 contraxistis
526 1986 737 2026 frontem?
763 1989 856 2039 quia
872 1987 1124 2039 tragoediam

123 2049 214 2088 Dixi
230 2050 406 2089 futuram
423 2052 526 2090 hanc
538 2053 558 2090 ‘3
584 2052 683 2091 deus
701 2067 809 2104 sum,
837 2057 1140 2094 conmutziuero.

123 2114 305 2153 Eandem
320 2115 422 2154 hauc
435 2145 446 2167 ,
472 2119 506 2155 si
520 2118 666 2169 uoltis,
693 2120 838 2158 fficiam
857 2133 932 2171 ego
951 2133 1001 2159 ex
1020 2120 1232 2171 tragoedia

124 2180 344 2220 Comoedia
362 2186 407 2220 ut
424 2182 477 2220 sit
495 2184 678 2223 omnibus
697 2185 828 2224 isdem
846 2187 1046 2225 uersibus.

123 2245 270 2285 Vtrum
286 2247 339 2285 sit
357 2260 406 2285 an
422 2261 506 2286 non
524 2249 679 2289 uoltis?
704 2257 767 2289 set
783 2264 857 2303 ego
875 2251 1056 2302 stultior,

1348 2193 1390 2226 55
