<?xml version="1.0" encoding="UTF-8"?>
<!DOCTYPE html PUBLIC "-//W3C//DTD XHTML 1.0 Transitional//EN"
    "http://www.w3.org/TR/xhtml1/DTD/xhtml1-transitional.dtd">
<html xmlns="http://www.w3.org/1999/xhtml" xml:lang="en" lang="en">
 <head>
  <title>
</title>
<meta http-equiv="Content-Type" content="text/html;charset=utf-8" />
  <meta name='ocr-system' content='tesseract 3.04.00' />
  <meta name='ocr-capabilities' content='ocr_page ocr_carea ocr_par ocr_line ocrx_word'/>
</head>
<body>
  <div class='ocr_page' id='page_1' title='image "./comoediae0102plauuoft_0324.png"; bbox 0 0 1511 2502; ppageno 0'>
   <div class='ocr_carea' id='block_1_1' title="bbox 177 228 1441 281">
    <p class='ocr_par' dir='ltr' id='par_1_1' title="bbox 177 228 1441 281">
     <span class='ocr_line' id='line_1_1' title="bbox 177 228 1441 281; baseline 0.009 -13"><span class='ocrx_word' id='word_1_1' title='bbox 177 228 258 269; x_wconf 69' lang='lat'>290</span> <span class='ocrx_word' id='word_1_2' title='bbox 660 231 967 271; x_wconf 88' lang='lat' dir='ltr'><strong>PLAVTI</strong></span> <span class='ocrx_word' id='word_1_3' title='bbox 1194 245 1385 279; x_wconf 72' lang='lat'><strong>11272—</strong></span> <span class='ocrx_word' id='word_1_4' title='bbox 1397 246 1441 281; x_wconf 80' lang='lat'>92</span> 
     </span>
    </p>
   </div>
   <div class='ocr_carea' id='block_1_2' title="bbox 174 341 1441 1498">
    <p class='ocr_par' dir='ltr' id='par_1_2' title="bbox 177 341 1439 399">
     <span class='ocr_line' id='line_1_2' title="bbox 177 341 1439 399; baseline 0.006 -21"><span class='ocrx_word' id='word_1_5' title='bbox 177 341 262 381; x_wconf 86' lang='lat' dir='ltr'>PH.</span> <span class='ocrx_word' id='word_1_6' title='bbox 295 341 387 380; x_wconf 77' lang='lat' dir='ltr'>Scio</span> <span class='ocrx_word' id='word_1_7' title='bbox 400 342 590 393; x_wconf 77' lang='lat' dir='ltr'>equidem</span> <span class='ocrx_word' id='word_1_8' title='bbox 599 343 704 380; x_wconf 69' lang='lat' dir='ltr'>1stu1,</span> <span class='ocrx_word' id='word_1_9' title='bbox 715 345 770 381; x_wconf 80' lang='lat' dir='ltr'>ita</span> <span class='ocrx_word' id='word_1_10' title='bbox 781 343 915 382; x_wconf 85' lang='lat' dir='ltr'>solere</span> <span class='ocrx_word' id='word_1_11' title='bbox 926 344 1040 382; x_wconf 76' lang='lat' dir='ltr'>fieri:</span> <span class='ocrx_word' id='word_1_12' title='bbox 1065 357 1221 397; x_wconf 86' lang='lat' dir='ltr'>uerum,</span> <span class='ocrx_word' id='word_1_13' title='bbox 1238 350 1356 398; x_wconf 83' lang='lat' dir='ltr'>gnate</span> <span class='ocrx_word' id='word_1_14' title='bbox 1370 349 1439 399; x_wconf 86' lang='lat' dir='ltr'>mi,</span> 
     </span>
    </p>

    <p class='ocr_par' dir='ltr' id='par_1_3' title="bbox 176 395 1438 461">
     <span class='ocr_line' id='line_1_3' title="bbox 176 395 1438 461; baseline 0.006 -17"><span class='ocrx_word' id='word_1_15' title='bbox 176 395 212 443; x_wconf 83' lang='lat' dir='ltr'>is</span> <span class='ocrx_word' id='word_1_16' title='bbox 231 407 320 444; x_wconf 88' lang='lat' dir='ltr'>est</span> <span class='ocrx_word' id='word_1_17' title='bbox 308 408 523 457; x_wconf 86' lang='lat' dir='ltr'>mmoenis,</span> <span class='ocrx_word' id='word_1_18' title='bbox 549 409 645 458; x_wconf 84' lang='lat' dir='ltr'>quoi</span> <span class='ocrx_word' id='word_1_19' title='bbox 664 407 767 446; x_wconf 90' lang='lat' dir='ltr'>nihil</span> <span class='ocrx_word' id='word_1_20' title='bbox 784 412 847 446; x_wconf 84' lang='lat' dir='ltr'>est</span> <span class='ocrx_word' id='word_1_21' title='bbox 863 409 931 459; x_wconf 90' lang='lat' dir='ltr'>qui</span> <span class='ocrx_word' id='word_1_22' title='bbox 947 410 1090 447; x_wconf 69' lang='lat' dir='ltr'>miinus</span> <span class='ocrx_word' id='word_1_23' title='bbox 1106 409 1299 461; x_wconf 65' lang='lat' dir='ltr'>fungatur</span> <span class='ocrx_word' id='word_1_24' title='bbox 1314 425 1438 451; x_wconf 91' lang='lat' dir='ltr'>suum.</span> 
     </span>
    </p>

    <p class='ocr_par' dir='ltr' id='par_1_4' title="bbox 176 471 1440 588">
     <span class='ocr_line' id='line_1_4' title="bbox 176 471 1440 527; baseline 0.005 -18"><span class='ocrx_word' id='word_1_25' title='bbox 176 471 260 510; x_wconf 86' lang='lat' dir='ltr'>LV</span> <span class='ocrx_word' id='word_1_26' title='bbox 304 471 433 512; x_wconf 90' lang='lat' dir='ltr'>Deum</span> <span class='ocrx_word' id='word_1_27' title='bbox 470 474 623 511; x_wconf 88' lang='lat' dir='ltr'>uirtute</span> <span class='ocrx_word' id='word_1_28' title='bbox 661 473 854 510; x_wconf 84' lang='lat' dir='ltr'>habemus</span> <span class='ocrx_word' id='word_1_29' title='bbox 893 477 936 511; x_wconf 89' lang='lat' dir='ltr'>et</span> <span class='ocrx_word' id='word_1_30' title='bbox 974 475 1043 524; x_wconf 91' lang='lat' dir='ltr'>qui</span> <span class='ocrx_word' id='word_1_31' title='bbox 1079 476 1239 514; x_wconf 80' lang='lat' dir='ltr'>nosmet</span> <span class='ocrx_word' id='word_1_32' title='bbox 1267 479 1440 527; x_wconf 74' lang='lat' dir='ltr'>utamur,</span> 
     </span>
     <span class='ocr_line' id='line_1_5' title="bbox 774 541 1440 588; baseline 0.006 -14"><span class='ocrx_word' id='word_1_33' title='bbox 774 541 905 588; x_wconf 79' lang='lat' dir='ltr'>pater,</span> <span class='ocrx_word' id='word_1_34' title='bbox 1373 546 1440 580; x_wconf 80' lang='lat'>355</span> 
     </span>
    </p>

    <p class='ocr_par' dir='ltr' id='par_1_5' title="bbox 177 591 1125 653">
     <span class='ocr_line' id='line_1_6' title="bbox 177 591 1125 653; baseline 0.003 -14"><span class='ocrx_word' id='word_1_35' title='bbox 177 591 230 639; x_wconf 72' lang='lat' dir='ltr'>Et</span> <span class='ocrx_word' id='word_1_36' title='bbox 246 601 334 641; x_wconf 89' lang='lat' dir='ltr'>aliis</span> <span class='ocrx_word' id='word_1_37' title='bbox 352 604 420 653; x_wconf 90' lang='lat' dir='ltr'>qui</span> <span class='ocrx_word' id='word_1_38' title='bbox 438 604 619 641; x_wconf 80' lang='lat' dir='ltr'>comitati</span> <span class='ocrx_word' id='word_1_39' title='bbox 635 605 757 641; x_wconf 75' lang='lat' dir='ltr'>simus</span> <span class='ocrx_word' id='word_1_40' title='bbox 773 601 1125 642; x_wconf 67' lang='lat' dir='ltr'>beneuolentibus.</span> 
     </span>
    </p>

    <p class='ocr_par' dir='ltr' id='par_1_6' title="bbox 176 665 1437 768">
     <span class='ocr_line' id='line_1_7' title="bbox 176 665 1437 719; baseline 0.004 -16"><span class='ocrx_word' id='word_1_41' title='bbox 176 665 260 704; x_wconf 87' lang='lat' dir='ltr'>PH.</span> <span class='ocrx_word' id='word_1_42' title='bbox 291 667 382 705; x_wconf 77' lang='lat' dir='ltr'>Non</span> <span class='ocrx_word' id='word_1_43' title='bbox 406 665 556 718; x_wconf 87' lang='lat' dir='ltr'>edepol</span> <span class='ocrx_word' id='word_1_44' title='bbox 580 667 656 705; x_wconf 90' lang='lat' dir='ltr'>tibi</span> <span class='ocrx_word' id='word_1_45' title='bbox 678 667 906 718; x_wconf 74' lang='lat' dir='ltr'>pernegare</span> <span class='ocrx_word' id='word_1_46' title='bbox 922 668 1084 717; x_wconf 75' lang='lat' dir='ltr'>possum</span> <span class='ocrx_word' id='word_1_47' title='bbox 1103 668 1315 719; x_wconf 87' lang='lat' dir='ltr'>quicquam</span> <span class='ocrx_word' id='word_1_48' title='bbox 1333 667 1437 719; x_wconf 67' lang='lat' dir='ltr'>quod</span> 
     </span>
     <span class='ocr_line' id='line_1_8' title="bbox 781 731 904 768; baseline -0.008 0"><span class='ocrx_word' id='word_1_49' title='bbox 781 731 904 768; x_wconf 87' lang='lat' dir='ltr'>uelis:</span> 
     </span>
    </p>

    <p class='ocr_par' dir='ltr' id='par_1_7' title="bbox 178 794 1437 850">
     <span class='ocr_line' id='line_1_9' title="bbox 178 794 1437 850; baseline 0.005 -19"><span class='ocrx_word' id='word_1_50' title='bbox 178 795 280 843; x_wconf 75' lang='lat' dir='ltr'>Quoi</span> <span class='ocrx_word' id='word_1_51' title='bbox 298 794 373 845; x_wconf 92' lang='lat' dir='ltr'>[tu]</span> <span class='ocrx_word' id='word_1_52' title='bbox 393 796 618 845; x_wconf 79' lang='lat' dir='ltr'>egestatem</span> <span class='ocrx_word' id='word_1_53' title='bbox 633 794 813 833; x_wconf 85' lang='lat' dir='ltr'>tolerare</span> <span class='ocrx_word' id='word_1_54' title='bbox 825 797 885 833; x_wconf 90' lang='lat' dir='ltr'>u1&#39;s</span> <span class='ocrx_word' id='word_1_55' title='bbox 896 795 916 832; x_wconf 67' lang='grc' dir='ltr'>*Ξ</span> <span class='ocrx_word' id='word_1_56' title='bbox 931 794 1104 847; x_wconf 89' lang='lat' dir='ltr'>loquere</span> <span class='ocrx_word' id='word_1_57' title='bbox 1116 795 1307 836; x_wconf 72' lang='lat' dir='ltr'>audacter</span> <span class='ocrx_word' id='word_1_58' title='bbox 1316 799 1437 850; x_wconf 88' lang='lat' dir='ltr'>patri.</span> 
     </span>
    </p>

    <p class='ocr_par' dir='ltr' id='par_1_8' title="bbox 174 858 1283 912">
     <span class='ocr_line' id='line_1_10' title="bbox 174 858 1283 912; baseline 0.003 -15"><span class='ocrx_word' id='word_1_59' title='bbox 174 859 258 898; x_wconf 89' lang='lat' dir='ltr'>LV.</span> <span class='ocrx_word' id='word_1_60' title='bbox 290 858 519 899; x_wconf 72' lang='lat' dir='ltr'>Lesbonico</span> <span class='ocrx_word' id='word_1_61' title='bbox 536 860 631 898; x_wconf 92' lang='lat' dir='ltr'>hinc</span> <span class='ocrx_word' id='word_1_62' title='bbox 647 858 915 910; x_wconf 77' lang='lat' dir='ltr'>adulescenti,</span> <span class='ocrx_word' id='word_1_63' title='bbox 932 860 1163 898; x_wconf 74' lang='lat' dir='ltr'>Charmidai</span> <span class='ocrx_word' id='word_1_64' title='bbox 1179 860 1283 912; x_wconf 83' lang='lat' dir='ltr'>fssio,</span> 
     </span>
    </p>

    <p class='ocr_par' dir='ltr' id='par_1_9' title="bbox 178 923 1441 1034">
     <span class='ocr_line' id='line_1_11' title="bbox 178 923 1437 980; baseline 0.005 -19"><span class='ocrx_word' id='word_1_65' title='bbox 178 925 255 973; x_wconf 76' lang='lat' dir='ltr'>Qui</span> <span class='ocrx_word' id='word_1_66' title='bbox 281 923 364 963; x_wconf 83' lang='lat' dir='ltr'>illic</span> <span class='ocrx_word' id='word_1_67' title='bbox 386 925 554 965; x_wconf 84' lang='lat' dir='ltr'>habitat.</span> <span class='ocrx_word' id='word_1_68' title='bbox 610 926 695 964; x_wconf 89' lang='lat' dir='ltr'>PH.</span> <span class='ocrx_word' id='word_1_69' title='bbox 728 925 834 975; x_wconf 81' lang='lat' dir='ltr'>Quin</span> <span class='ocrx_word' id='word_1_70' title='bbox 859 925 1036 964; x_wconf 89' lang='lat' dir='ltr'>comedit</span> <span class='ocrx_word' id='word_1_71' title='bbox 1069 926 1175 977; x_wconf 76' lang='lat' dir='ltr'>quod</span> <span class='ocrx_word' id='word_1_72' title='bbox 1203 928 1302 979; x_wconf 85' lang='lat' dir='ltr'>fuit,</span> <span class='ocrx_word' id='word_1_73' title='bbox 1332 928 1437 980; x_wconf 90' lang='lat' dir='ltr'>quod</span> 
     </span>
     <span class='ocr_line' id='line_1_12' title="bbox 784 991 1441 1034; baseline 0.006 -6"><span class='ocrx_word' id='word_1_74' title='bbox 784 992 864 1029; x_wconf 79' lang='lat' dir='ltr'>non</span> <span class='ocrx_word' id='word_1_75' title='bbox 879 991 958 1029; x_wconf 84' lang='lat' dir='ltr'>fuit</span> <span class='ocrx_word' id='word_1_76' title='bbox 968 991 987 1029; x_wconf 72' lang='lat'>‘3</span> <span class='ocrx_word' id='word_1_77' title='bbox 1372 998 1441 1034; x_wconf 84' lang='lat'>360</span> 
     </span>
    </p>

    <p class='ocr_par' dir='ltr' id='par_1_10' title="bbox 176 1054 1440 1173">
     <span class='ocr_line' id='line_1_13' title="bbox 176 1054 1440 1109; baseline 0.002 -15"><span class='ocrx_word' id='word_1_78' title='bbox 176 1055 258 1095; x_wconf 89' lang='lat' dir='ltr'>LV.</span> <span class='ocrx_word' id='word_1_79' title='bbox 291 1056 352 1094; x_wconf 87' lang='lat' dir='ltr'>Ne</span> <span class='ocrx_word' id='word_1_80' title='bbox 377 1056 591 1108; x_wconf 79' lang='lat' dir='ltr'>e‘xprobra,</span> <span class='ocrx_word' id='word_1_81' title='bbox 616 1057 755 1108; x_wconf 86' lang='lat' dir='ltr'>pate&#39;r:</span> <span class='ocrx_word' id='word_1_82' title='bbox 786 1054 912 1094; x_wconf 88' lang='lat' dir='ltr'>multa</span> <span class='ocrx_word' id='word_1_83' title='bbox 935 1057 1090 1095; x_wconf 89' lang='lat' dir='ltr'>homini</span> <span class='ocrx_word' id='word_1_84' title='bbox 1118 1058 1313 1096; x_wconf 75' lang='lat' dir='ltr'>eueniunt</span> <span class='ocrx_word' id='word_1_85' title='bbox 1337 1069 1440 1109; x_wconf 83' lang='lat' dir='ltr'>quae</span> 
     </span>
     <span class='ocr_line' id='line_1_14' title="bbox 779 1121 1168 1173; baseline 0 -14"><span class='ocrx_word' id='word_1_86' title='bbox 779 1121 881 1171; x_wconf 89' lang='lat' dir='ltr'>uolt,</span> <span class='ocrx_word' id='word_1_87' title='bbox 900 1122 1001 1173; x_wconf 88' lang='lat' dir='ltr'>quae&#39;</span> <span class='ocrx_word' id='word_1_88' title='bbox 1016 1121 1168 1160; x_wconf 80' lang='lat' dir='ltr'>neuolt.</span> 
     </span>
    </p>

    <p class='ocr_par' dir='ltr' id='par_1_11' title="bbox 178 1184 1440 1288">
     <span class='ocr_line' id='line_1_15' title="bbox 178 1184 1440 1237; baseline 0.001 -14"><span class='ocrx_word' id='word_1_89' title='bbox 178 1185 259 1224; x_wconf 86' lang='lat' dir='ltr'>PH.</span> <span class='ocrx_word' id='word_1_90' title='bbox 289 1185 471 1224; x_wconf 74' lang='lat' dir='ltr'>Mentire</span> <span class='ocrx_word' id='word_1_91' title='bbox 504 1184 676 1237; x_wconf 80' lang='lat' dir='ltr'><strong>edepol,</strong></span> <span class='ocrx_word' id='word_1_92' title='bbox 707 1188 848 1236; x_wconf 73' lang='lat' dir='ltr'>gnate,</span> <span class='ocrx_word' id='word_1_93' title='bbox 881 1189 1002 1237; x_wconf 89' lang='lat' dir='ltr'>atque</span> <span class='ocrx_word' id='word_1_94' title='bbox 1031 1185 1075 1223; x_wconf 87' lang='lat' dir='ltr'>id</span> <span class='ocrx_word' id='word_1_95' title='bbox 1099 1198 1205 1223; x_wconf 86' lang='lat' dir='ltr'>nunc</span> <span class='ocrx_word' id='word_1_96' title='bbox 1223 1185 1324 1224; x_wconf 76' lang='lat' dir='ltr'>facis</span> <span class='ocrx_word' id='word_1_97' title='bbox 1341 1186 1440 1224; x_wconf 86' lang='lat' dir='ltr'>haut</span> 
     </span>
     <span class='ocr_line' id='line_1_16' title="bbox 779 1249 1085 1288; baseline 0 0"><span class='ocrx_word' id='word_1_98' title='bbox 779 1249 1085 1288; x_wconf 75' lang='lat' dir='ltr'>consuetudine.</span> 
     </span>
    </p>

    <p class='ocr_par' dir='ltr' id='par_1_12' title="bbox 176 1313 1312 1366">
     <span class='ocr_line' id='line_1_17' title="bbox 176 1313 1312 1366; baseline 0 -14"><span class='ocrx_word' id='word_1_99' title='bbox 176 1315 275 1352; x_wconf 68' lang='lat' dir='ltr'>Nam</span> <span class='ocrx_word' id='word_1_100' title='bbox 291 1315 452 1366; x_wconf 83' lang='lat' dir='ltr'>sapiens</span> <span class='ocrx_word' id='word_1_101' title='bbox 470 1313 633 1365; x_wconf 74' lang='lat' dir='ltr'>quidem</span> <span class='ocrx_word' id='word_1_102' title='bbox 647 1313 717 1366; x_wconf 91' lang='lat' dir='ltr'>pol</span> <span class='ocrx_word' id='word_1_103' title='bbox 731 1315 843 1366; x_wconf 89' lang='lat' dir='ltr'>ipsus</span> <span class='ocrx_word' id='word_1_104' title='bbox 858 1314 979 1364; x_wconf 80' lang='lat' dir='ltr'>fingit</span> <span class='ocrx_word' id='word_1_105' title='bbox 996 1314 1201 1352; x_wconf 73' lang='lat' dir='ltr'>fortunam</span> <span class='ocrx_word' id='word_1_106' title='bbox 1214 1315 1312 1353; x_wconf 87' lang='lat' dir='ltr'>sibi:</span> 
     </span>
    </p>

    <p class='ocr_par' dir='ltr' id='par_1_13' title="bbox 175 1369 1381 1432">
     <span class='ocr_line' id='line_1_18' title="bbox 175 1369 1381 1432; baseline -0.001 -13"><span class='ocrx_word' id='word_1_107' title='bbox 175 1369 234 1419; x_wconf 68' lang='lat' dir='ltr'>Eo</span> <span class='ocrx_word' id='word_1_108' title='bbox 251 1394 332 1418; x_wconf 89' lang='lat' dir='ltr'>non</span> <span class='ocrx_word' id='word_1_109' title='bbox 350 1379 474 1419; x_wconf 91' lang='lat' dir='ltr'>multa</span> <span class='ocrx_word' id='word_1_110' title='bbox 492 1382 595 1432; x_wconf 80' lang='lat' dir='ltr'>quae</span> <span class='ocrx_word' id='word_1_111' title='bbox 609 1379 751 1418; x_wconf 89' lang='lat' dir='ltr'>neuolt</span> <span class='ocrx_word' id='word_1_112' title='bbox 770 1381 978 1430; x_wconf 77' lang='lat' dir='ltr'>eueniunt,</span> <span class='ocrx_word' id='word_1_113' title='bbox 993 1380 1072 1417; x_wconf 89' lang='lat' dir='ltr'>nisi</span> <span class='ocrx_word' id='word_1_114' title='bbox 1087 1380 1206 1418; x_wconf 66' lang='lat' dir='ltr'>fictor</span> <span class='ocrx_word' id='word_1_115' title='bbox 1221 1378 1381 1418; x_wconf 90' lang='lat' dir='ltr'>malust.</span> 
     </span>
    </p>

    <p class='ocr_par' dir='ltr' id='par_1_14' title="bbox 175 1444 1440 1498">
     <span class='ocr_line' id='line_1_19' title="bbox 175 1444 1440 1498; baseline -0.002 -12"><span class='ocrx_word' id='word_1_116' title='bbox 175 1446 258 1487; x_wconf 86' lang='lat' dir='ltr'>LV.</span> <span class='ocrx_word' id='word_1_117' title='bbox 288 1444 486 1484; x_wconf 68' lang='lat' dir='ltr'>Multaest</span> <span class='ocrx_word' id='word_1_118' title='bbox 510 1458 660 1498; x_wconf 84' lang='lat' dir='ltr'>operae</span> <span class='ocrx_word' id='word_1_119' title='bbox 687 1447 787 1497; x_wconf 85' lang='lat' dir='ltr'>op1&#39;1s</span> <span class='ocrx_word' id='word_1_120' title='bbox 810 1446 969 1495; x_wconf 89' lang='lat' dir='ltr'>fictura,</span> <span class='ocrx_word' id='word_1_121' title='bbox 995 1447 1065 1496; x_wconf 86' lang='lat' dir='ltr'>qui</span> <span class='ocrx_word' id='word_1_122' title='bbox 1082 1457 1126 1483; x_wconf 90' lang='lat' dir='ltr'>se</span> <span class='ocrx_word' id='word_1_123' title='bbox 1141 1445 1328 1484; x_wconf 78' lang='lat' dir='ltr'>fictorem</span> <span class='ocrx_word' id='word_1_124' title='bbox 1342 1457 1440 1496; x_wconf 87' lang='lat' dir='ltr'>pro-</span> 
     </span>
    </p>
   </div>
   <div class='ocr_carea' id='block_1_3' title="bbox 176 1512 1440 1680">
    <p class='ocr_par' dir='ltr' id='par_1_15' title="bbox 176 1512 1440 1680">
     <span class='ocr_line' id='line_1_20' title="bbox 772 1512 1439 1551; baseline 0 -2"><span class='ocrx_word' id='word_1_125' title='bbox 772 1512 867 1549; x_wconf 90' lang='lat' dir='ltr'>bum</span> <span class='ocrx_word' id='word_1_126' title='bbox 1372 1515 1439 1551; x_wconf 84' lang='lat'>365</span> 
     </span>
     <span class='ocr_line' id='line_1_21' title="bbox 176 1574 1440 1627; baseline 0 -13"><span class='ocrx_word' id='word_1_127' title='bbox 176 1576 294 1615; x_wconf 82' lang='lat' dir='ltr'>Vitae</span> <span class='ocrx_word' id='word_1_128' title='bbox 312 1574 492 1625; x_wconf 83' lang='lat' dir='ltr'>agundae</span> <span class='ocrx_word' id='word_1_129' title='bbox 505 1586 595 1613; x_wconf 88' lang='lat' dir='ltr'>esse</span> <span class='ocrx_word' id='word_1_130' title='bbox 608 1575 783 1627; x_wconf 79' lang='lat' dir='ltr'>expetit:</span> <span class='ocrx_word' id='word_1_131' title='bbox 814 1579 878 1613; x_wconf 91' lang='lat' dir='ltr'>set</span> <span class='ocrx_word' id='word_1_132' title='bbox 889 1576 955 1613; x_wconf 91' lang='lat' dir='ltr'>hic</span> <span class='ocrx_word' id='word_1_133' title='bbox 966 1574 1016 1613; x_wconf 74' lang='lat' dir='ltr'>ad</span> <span class='ocrx_word' id='word_1_134' title='bbox 1026 1575 1188 1614; x_wconf 91' lang='lat' dir='ltr'>modum</span> <span class='ocrx_word' id='word_1_135' title='bbox 1199 1574 1440 1614; x_wconf 80' lang='lat' dir='ltr'>adulescen-</span> 
     </span>
     <span class='ocr_line' id='line_1_22' title="bbox 776 1640 914 1680; baseline 0.007 -1"><span class='ocrx_word' id='word_1_136' title='bbox 776 1640 914 1680; x_wconf 90' lang='lat' dir='ltr'>tulust.</span> 
     </span>
    </p>
   </div>
   <div class='ocr_carea' id='block_1_4' title="bbox 172 1707 1437 2410">
    <p class='ocr_par' dir='ltr' id='par_1_16' title="bbox 176 1707 1318 1758">
     <span class='ocr_line' id='line_1_23' title="bbox 176 1707 1318 1758; baseline -0.001 -12"><span class='ocrx_word' id='word_1_137' title='bbox 176 1707 258 1747; x_wconf 90' lang='lat' dir='ltr'>PH.</span> <span class='ocrx_word' id='word_1_138' title='bbox 289 1707 379 1745; x_wconf 79' lang='lat' dir='ltr'>Non</span> <span class='ocrx_word' id='word_1_139' title='bbox 396 1711 543 1757; x_wconf 87' lang='lat' dir='ltr'>aetate,</span> <span class='ocrx_word' id='word_1_140' title='bbox 561 1707 702 1745; x_wconf 78' lang='lat' dir='ltr'>uerum</span> <span class='ocrx_word' id='word_1_141' title='bbox 717 1707 881 1756; x_wconf 85' lang='lat' dir='ltr'>ingenio</span> <span class='ocrx_word' id='word_1_142' title='bbox 898 1707 1092 1758; x_wconf 77' lang='lat' dir='ltr'>apiscitur</span> <span class='ocrx_word' id='word_1_143' title='bbox 1108 1707 1318 1758; x_wconf 78' lang='lat' dir='ltr'>sapientia.</span> 
     </span>
    </p>

    <p class='ocr_par' dir='ltr' id='par_1_17' title="bbox 176 1770 1330 1823">
     <span class='ocr_line' id='line_1_24' title="bbox 176 1770 1330 1823; baseline 0 -13"><span class='ocrx_word' id='word_1_144' title='bbox 176 1771 375 1823; x_wconf 89' lang='lat' dir='ltr'>[Sapienti</span> <span class='ocrx_word' id='word_1_145' title='bbox 392 1775 502 1810; x_wconf 89' lang='lat' dir='ltr'>aetas</span> <span class='ocrx_word' id='word_1_146' title='bbox 519 1770 833 1821; x_wconf 78' lang='lat' dir='ltr'>condimentum,</span> <span class='ocrx_word' id='word_1_147' title='bbox 851 1771 1011 1822; x_wconf 86' lang='lat' dir='ltr'>sapiens</span> <span class='ocrx_word' id='word_1_148' title='bbox 1028 1771 1152 1808; x_wconf 89' lang='lat' dir='ltr'>aetati</span> <span class='ocrx_word' id='word_1_149' title='bbox 1168 1772 1330 1823; x_wconf 85' lang='lat' dir='ltr'>cibust.]</span> 
     </span>
    </p>

    <p class='ocr_par' dir='ltr' id='par_1_18' title="bbox 176 1825 1435 1951">
     <span class='ocr_line' id='line_1_25' title="bbox 176 1825 1435 1888; baseline -0.001 -13"><span class='ocrx_word' id='word_1_150' title='bbox 176 1825 361 1888; x_wconf 57' lang='lat' dir='ltr'>Agedum</span> <span class='ocrx_word' id='word_1_151' title='bbox 392 1834 610 1886; x_wconf 83' lang='lat' dir='ltr'>eloquere,</span> <span class='ocrx_word' id='word_1_152' title='bbox 642 1834 739 1886; x_wconf 83' lang='lat' dir='ltr'>quid</span> <span class='ocrx_word' id='word_1_153' title='bbox 762 1833 860 1873; x_wconf 88' lang='lat' dir='ltr'>dare</span> <span class='ocrx_word' id='word_1_154' title='bbox 882 1834 943 1873; x_wconf 91' lang='lat' dir='ltr'>illi</span> <span class='ocrx_word' id='word_1_155' title='bbox 969 1837 1076 1873; x_wconf 75' lang='lat' dir='ltr'>minc</span> <span class='ocrx_word' id='word_1_156' title='bbox 1101 1835 1193 1873; x_wconf 74' lang='lat' dir='ltr'>uis?</span> <span class='ocrx_word' id='word_1_157' title='bbox 1249 1835 1332 1876; x_wconf 94' lang='lat' dir='ltr'>LV.</span> <span class='ocrx_word' id='word_1_158' title='bbox 1369 1835 1435 1875; x_wconf 86' lang='lat' dir='ltr'>Ni]</span> 
     </span>
     <span class='ocr_line' id='line_1_26' title="bbox 778 1901 1156 1951; baseline -0.003 -13"><span class='ocrx_word' id='word_1_159' title='bbox 778 1901 1003 1950; x_wconf 78' lang='lat' dir='ltr'>quicquam,</span> <span class='ocrx_word' id='word_1_160' title='bbox 1018 1904 1156 1951; x_wconf 89' lang='lat' dir='ltr'>pater:</span> 
     </span>
    </p>

    <p class='ocr_par' dir='ltr' id='par_1_19' title="bbox 176 1964 1437 2018">
     <span class='ocr_line' id='line_1_27' title="bbox 176 1964 1437 2018; baseline 0 -12"><span class='ocrx_word' id='word_1_161' title='bbox 176 1968 240 2006; x_wconf 58' lang='lat' dir='ltr'>Tui</span> <span class='ocrx_word' id='word_1_162' title='bbox 255 1967 374 2006; x_wconf 90' lang='lat' dir='ltr'>modo</span> <span class='ocrx_word' id='word_1_163' title='bbox 390 1980 442 2006; x_wconf 90' lang='lat' dir='ltr'>ne</span> <span class='ocrx_word' id='word_1_164' title='bbox 458 1979 523 2005; x_wconf 89' lang='lat' dir='ltr'>me</span> <span class='ocrx_word' id='word_1_165' title='bbox 537 1967 756 2018; x_wconf 76' lang='lat' dir='ltr'>prohibeas</span> <span class='ocrx_word' id='word_1_166' title='bbox 774 1968 974 2018; x_wconf 84' lang='lat' dir='ltr'>accipere,</span> <span class='ocrx_word' id='word_1_167' title='bbox 990 1964 1126 2017; x_wconf 85' lang='lat' dir='ltr'>siquid</span> <span class='ocrx_word' id='word_1_168' title='bbox 1141 1964 1211 2003; x_wconf 71' lang='lat' dir='ltr'>det</span> <span class='ocrx_word' id='word_1_169' title='bbox 1226 1965 1336 2005; x_wconf 88' lang='lat' dir='ltr'>mihi.</span> <span class='ocrx_word' id='word_1_170' title='bbox 1368 1971 1437 2006; x_wconf 84' lang='lat'>370</span> 
     </span>
    </p>

    <p class='ocr_par' dir='ltr' id='par_1_20' title="bbox 173 2021 1437 2148">
     <span class='ocr_line' id='line_1_28' title="bbox 173 2021 1437 2083; baseline -0.001 -12"><span class='ocrx_word' id='word_1_171' title='bbox 173 2034 259 2072; x_wconf 90' lang='lat' dir='ltr'>PH.</span> <span class='ocrx_word' id='word_1_172' title='bbox 292 2021 355 2071; x_wconf 74' lang='grc' dir='ltr'>Ᾰιι</span> <span class='ocrx_word' id='word_1_173' title='bbox 380 2045 428 2071; x_wconf 90' lang='lat' dir='ltr'>eo</span> <span class='ocrx_word' id='word_1_174' title='bbox 455 2036 679 2083; x_wconf 84' lang='lat' dir='ltr'>egestatem</span> <span class='ocrx_word' id='word_1_175' title='bbox 704 2030 742 2070; x_wconf 70' lang='lat' dir='ltr'>ei</span> <span class='ocrx_word' id='word_1_176' title='bbox 765 2030 975 2082; x_wconf 74' lang='lat' dir='ltr'>tolerabis,</span> <span class='ocrx_word' id='word_1_177' title='bbox 999 2029 1134 2081; x_wconf 84' lang='lat' dir='ltr'>siquid</span> <span class='ocrx_word' id='word_1_178' title='bbox 1157 2031 1205 2069; x_wconf 90' lang='lat' dir='ltr'>ab</span> <span class='ocrx_word' id='word_1_179' title='bbox 1230 2029 1303 2069; x_wconf 88' lang='lat' dir='ltr'>illo</span> <span class='ocrx_word' id='word_1_180' title='bbox 1321 2032 1437 2070; x_wconf 72' lang='lat' dir='ltr'>acce—</span> 
     </span>
     <span class='ocr_line' id='line_1_29' title="bbox 768 2097 910 2148; baseline -0.007 -13"><span class='ocrx_word' id='word_1_181' title='bbox 768 2097 910 2148; x_wconf 75' lang='lat' dir='ltr'>peris?</span> 
     </span>
    </p>

    <p class='ocr_par' dir='ltr' id='par_1_21' title="bbox 172 2150 1436 2266">
     <span class='ocr_line' id='line_1_30' title="bbox 172 2150 1436 2214; baseline -0.003 -11"><span class='ocrx_word' id='word_1_182' title='bbox 172 2163 256 2203; x_wconf 88' lang='lat' dir='ltr'>LV.</span> <span class='ocrx_word' id='word_1_183' title='bbox 285 2150 360 2213; x_wconf 69' lang='lat' dir='ltr'>Eo,</span> <span class='ocrx_word' id='word_1_184' title='bbox 384 2166 514 2214; x_wconf 87' lang='lat' dir='ltr'>pater.</span> <span class='ocrx_word' id='word_1_185' title='bbox 557 2162 641 2200; x_wconf 91' lang='lat' dir='ltr'>PH.</span> <span class='ocrx_word' id='word_1_186' title='bbox 673 2161 749 2201; x_wconf 94' lang='lat' dir='ltr'>Pol</span> <span class='ocrx_word' id='word_1_187' title='bbox 773 2163 847 2212; x_wconf 73' lang='lat' dir='ltr'>ego</span> <span class='ocrx_word' id='word_1_188' title='bbox 872 2163 990 2200; x_wconf 88' lang='lat' dir='ltr'>istam</span> <span class='ocrx_word' id='word_1_189' title='bbox 1020 2159 1112 2199; x_wconf 90' lang='lat' dir='ltr'>uolo</span> <span class='ocrx_word' id='word_1_190' title='bbox 1142 2173 1206 2198; x_wconf 91' lang='lat' dir='ltr'>me</span> <span class='ocrx_word' id='word_1_191' title='bbox 1237 2161 1436 2200; x_wconf 70' lang='lat' dir='ltr'>rationem</span> 
     </span>
     <span class='ocr_line' id='line_1_31' title="bbox 770 2225 1241 2266; baseline 0 0"><span class='ocrx_word' id='word_1_192' title='bbox 770 2227 954 2266; x_wconf 74' lang='lat' dir='ltr'>edoceas.</span> <span class='ocrx_word' id='word_1_193' title='bbox 1001 2226 1085 2265; x_wconf 86' lang='lat' dir='ltr'>LV.</span> <span class='ocrx_word' id='word_1_194' title='bbox 1112 2225 1241 2266; x_wconf 87' lang='lat' dir='ltr'>Licet.</span> 
     </span>
    </p>

    <p class='ocr_par' dir='ltr' id='par_1_22' title="bbox 172 2288 1436 2410">
     <span class='ocr_line' id='line_1_32' title="bbox 172 2288 1436 2345; baseline -0.004 -13"><span class='ocrx_word' id='word_1_195' title='bbox 172 2293 268 2331; x_wconf 73' lang='lat' dir='ltr'>Scin</span> <span class='ocrx_word' id='word_1_196' title='bbox 286 2298 328 2332; x_wconf 91' lang='lat' dir='ltr'>tu</span> <span class='ocrx_word' id='word_1_197' title='bbox 344 2292 459 2332; x_wconf 89' lang='lat' dir='ltr'>illum</span> <span class='ocrx_word' id='word_1_198' title='bbox 476 2306 553 2345; x_wconf 91' lang='lat' dir='ltr'>quo</span> <span class='ocrx_word' id='word_1_199' title='bbox 570 2294 722 2344; x_wconf 74' lang='lat' dir='ltr'>genere</span> <span class='ocrx_word' id='word_1_200' title='bbox 739 2297 881 2344; x_wconf 84' lang='lat' dir='ltr'>gnatus</span> <span class='ocrx_word' id='word_1_201' title='bbox 897 2291 978 2330; x_wconf 73' lang='lat' dir='ltr'>sit?</span> <span class='ocrx_word' id='word_1_202' title='bbox 1018 2290 1102 2329; x_wconf 91' lang='lat' dir='ltr'>PH.</span> <span class='ocrx_word' id='word_1_203' title='bbox 1128 2289 1236 2340; x_wconf 82' lang='lat' dir='ltr'>Scio,</span> <span class='ocrx_word' id='word_1_204' title='bbox 1252 2288 1436 2342; x_wconf 67' lang='lat' dir='ltr'>adprime</span> 
     </span>
     <span class='ocr_line' id='line_1_33' title="bbox 776 2359 919 2410; baseline 0.021 -14"><span class='ocrx_word' id='word_1_205' title='bbox 776 2359 919 2410; x_wconf 84' lang='lat' dir='ltr'>probo.</span> 
     </span>
    </p>
   </div>
   <div class='ocr_carea' id='block_1_5' title="bbox 1446 2421 1475 2502">
    <p class='ocr_par' dir='ltr' id='par_1_23' title="bbox 1446 2421 1475 2502">
     <span class='ocr_line' id='line_1_34' title="bbox 1446 2421 1475 2502; baseline 0 0"><span class='ocrx_word' id='word_1_206' title='bbox 1446 2421 1475 2502; x_wconf 60' lang='grc' dir='ltr'>’Β</span> 
     </span>
    </p>
   </div>
  </div>
 </body>
</html>
