1511 2502
98 56 339 134 itm—101
509 86 960 127 ASINARIA.
1343 90 1371 131 9

263 202 379 241 Nunc
395 201 521 240 uerba
535 201 577 238 in
593 213 719 251 pauca
739 199 946 238 conferam
964 200 1061 251 quid
1076 202 1119 239 te
1135 201 1270 242 uelim.

265 267 422 318 Viginti
436 268 515 305 iam
530 269 644 304 usust
659 263 750 302 filio
768 267 929 315 argenti
943 265 1082 303 minis:

263 333 370 371 Face
397 331 440 370 id
463 332 506 369 snt
519 334 706 383 paratum
723 330 801 367 iam
818 330 882 369 sit.
926 329 989 368 LI.
1019 329 1140 369 Vnde
1156 332 1368 382 gentium?

262 398 344 436 DE.
375 397 445 436 Me
464 395 718 436 defraudato.
747 395 811 435 LI.
834 395 1043 434 Maxumas
1058 400 1182 447 nugzis
1200 399 1305 449 agis:
1323 405 1364 439 91

259 461 376 500 Nudo
394 461 615 500 detrahere
633 461 878 499 uestimenta
893 462 957 499 me
973 462 1101 500 iubes.

262 527 504 578 [Defrudem
526 532 568 565 te
594 528 699 578 ego?
730 539 803 578 age
821 528 890 577 sis,
913 531 958 565 tu
974 528 1062 566 sine
1078 529 1224 580 pennis
1241 528 1365 581 uola.]

261 594 378 632 Tene
397 595 471 644 e'go
490 592 746 643 defraudem,
771 595 867 644 quoi
882 593 960 645 ipsi
976 592 1079 631 nihil
1097 598 1160 632 est
1177 596 1218 632 1'11
1233 608 1364 645 manu,

257 661 345 699 Nisi
362 659 460 712 quid
481 664 525 698 tu
542 672 667 712 porro
688 661 855 698 uxorem
873 658 1182 698 defraudziueris
1194 660 1213 697 ⁶?
1320 667 1365 701 95

260 726 343 764 DE.
372 726 457 775 Qua
468 726 546 775 me,
562 738 637 776 qua
654 737 836 774 uxorem,
848 727 926 775 quzi
941 728 985 762 tu
996 737 1157 763 seruom
1170 725 1364 763 Sauream

261 790 390 840 Potis,
408 789 681 840 circumduce,
699 790 834 828 aufer:
862 790 1058 840 promitto
1076 790 1151 827 tibi

257 855 348 893 Non
366 856 584 894 dffuturum
603 855 713 906 [meh
730 856 763 893 si
779 854 822 892 id
837 854 961 892 hodie
978 855 1191 893 ecfeceris.

258 920 321 959 LI.
352 921 495 959 Iubea's
512 935 590 960 una
608 934 732 973 opera
747 921 811 959 me
826 921 977 972 piscari
992 921 1035 958 in
1049 923 1145 958 ziere

259 985 342 1036 [Et]
361 988 503 1024 uenari
525 992 658 1025 autem
673 984 849 1025 reticulo
865 987 908 1028 in
924 985 1058 1024 medio
1074 988 1187 1026 mari.
1297 994 1361 1027 100

254 1053 338 1093 ΒΕ.
371 1053 468 1092 Tibi
485 1055 692 1105 optionem
709 1054 855 1092 sumito
871 1051 1117 1091 Leonidam:

253 1119 475 1157 Fabricdre
493 1119 667 1170 quiduis,
687 1118 846 1170 quiduis
864 1119 1178 1156 conminiscere:

253 1185 453 1224 Perficito
475 1185 547 1236 [id]
568 1190 779 1236 argentum
795 1184 918 1223 hodie
935 1189 979 1223 ut
995 1185 1144 1223 habeat
1159 1185 1286 1236 filius,

254 1251 418 1288 Amicae
436 1250 544 1301 quod
562 1250 644 1290 det.
689 1251 751 1289 LI.
784 1249 889 1300 Quid
910 1251 966 1288 ais
982 1254 1040 1300 tu,
1058 1250 1339 1289 Demaenete‘?

254 1314 377 1363 [Quid
398 1316 431 1353 si
448 1316 558 1354 forte
573 1317 615 1354 in
631 1316 800 1354 insidias
818 1315 1027 1354 deuenero
1039 1316 1074 1366 5²]
1293 1324 1358 1357 105

254 1379 347 1418 Tun
362 1379 540 1419 redimes
557 1394 636 1432 ωε,
654 1383 687 1419 si
703 1394 766 1420 me
782 1383 923 1419 hostes
939 1382 1268 1432 interceperint?

251 1444 333 1483 DE.
375 1445 596 1485 Redimzim,
647 1447 709 1484 LI.
752 1446 856 1484 Tum
895 1451 938 1484 tu
974 1447 1099 1496 igitur
1129 1446 1230 1485 ziliut
1262 1460 1356 1485 cura

688 1511 795 1562 quod
810 1511 938 1550 lubet.

249 1575 332 1615 DE.
364 1577 451 1627 Ego
476 1589 524 1615 eo
551 1576 599 1615 zid
614 1578 762 1626 forum,
781 1578 860 1615 nisi
879 1575 976 1627 quid
992 1577 1065 1614 uis.
1109 1577 1171 1615 LI.
1201 1577 1230 1626 Ι,
1248 1578 1355 1617 bene

684 1641 853 1681 ambula.

249 1705 332 1744 DE.
364 1707 500 1757 Atque
518 1707 808 1746 afidinetiam?
846 1707 908 1746 LI.
940 1696 1060 1745 Eece.
1100 1706 1182 1746 DE.
1209 1707 1353 1758 Siquid

682 1774 723 1811 te
738 1772 886 1823 uolam,

247 1836 327 1874 Vbi
355 1838 467 1876 eris?
517 1838 580 1877 LI.
613 1839 900 1890 Vbiquomque
923 1837 1099 1876 lubitum
1116 1839 1196 1875 erit
1220 1839 1350 1875 animo

677 1917 780 1943 meo.
1285 1908 1352 1941 110

249 1964 439 2005 Profecto
463 1974 622 2006 nemost
646 1970 764 2020 quem
788 1969 866 2006 iam
883 1967 1031 2006 dehinc
1048 1970 1223 2006 metuam
1238 1968 1350 2018 mihi,

247 2028 409 2081 Nequid
424 2045 574 2071 nocere
589 2035 732 2085 possit,
755 2047 874 2084 quom
892 2039 935 2071 tu
952 2034 1051 2071 mihi
1066 2038 1134 2071 tua

250 2096 444 2136 Oratione
461 2112 619 2138 omnem
635 2102 809 2139 &inimum
827 2099 1044 2138 ostendisti
1058 2104 1182 2139 tuum.

249 2162 355 2210 Quin
385 2165 428 2201 te
460 2178 620 2216 quoque
644 2167 776 2217 ipsum
801 2166 906 2204 fficio
932 2166 1010 2203 hau
1034 2165 1180 2215 magni,
1211 2165 1246 2203 si
1271 2165 1348 2202 hoc

679 2236 809 2282 patro.
