1511 2502
103 121 185 162 312
586 119 895 161 PLAVTl
1123 122 1376 166 111127——97

104 234 243 272 Dicam
259 234 306 272 ab
323 246 371 273 eo
387 234 552 272 homine
568 245 633 271 me
649 233 872 284 accepisse,
889 245 1009 284 quem
1021 234 1095 284 e'go
1109 234 1178 285 qui
1192 234 1245 272 sit
1254 234 1373 272 homo

707 300 846 337 nescio

102 364 244 415 Neque
275 365 372 403 noui
401 353 536 416 neque
560 366 678 402 natus
702 376 834 401 necne
855 364 891 401 is
914 364 1042 402 fuerit
1066 363 1109 402 id
1125 362 1259 402 solide
1274 365 1373 402 scio.

103 428 188 466 CH.
220 427 296 467 Pol
319 429 387 467 hic
413 428 577 480 quiderh
598 429 767 479 fungino
784 433 999 478 generest:
1031 429 1165 481 capite
1182 440 1227 467 se
1243 428 1373 467 totum

704 495 819 544 tegit.
1222 487 1230 495 '
1307 499 1372 533 851

102 551 263 599 illurica
278 562 404 600 facie's
419 552 585 599 uidetur
599 560 795 598 hominis:
826 572 876 598 eo
893 565 1039 598 ornatu
1055 560 1233 599 aduenit.

104 627 181 667 SV.
212 616 288 666 I'lle
306 628 375 678 qui
390 639 454 665 me
473 625 679 675 conduxit,
694 626 764 663 ubi
782 625 989 676 conduxit,
1006 625 1172 664 abduxit
1189 626 1373 664 domum:

101 692 214 741 Quae
230 691 359 730 uoluit
375 692 474 729 mihi
492 690 605 740 dixit,
624 690 763 728 docuit
780 691 821 728 et
835 693 1180 741 praemonstrauit
1195 692 1324 743 prius,

102 757 188 806 Qud
216 755 335 794 modo
363 757 538 806 quicque
560 754 734 805 agerem.
764 767 871 792 nunc
892 754 993 793 adeo
1011 754 1147 806 siquid
1163 768 1238 806 ego
1256 755 1371 794 addi-

714 817 813 857 dero
831 818 1016 870 amplius‚
1304 826 1373 860 855

101 874 160 925 Eo
179 884 403 924 conductor
419 883 562 923 melius
581 882 631 921 de
648 895 711 921 me
728 885 853 934 nugas
871 883 1165 923 conciliimerit.

100 942 172 991 ille
203 953 263 990 uti
293 964 358 990 me
385 951 618 1000 exornauit‚
649 950 707 987 ita
729 962 815 987 sum
840 953 1026 988 ornatus:
1057 954 1270 1001 argentum
1294 950 1370 988 hoc

708 1016 819 1054 facit.

99 1072 191 1134 lpse
209 1087 447 1121 ornamenta
461 1085 482 1120 a
499 1082 674 1132 chorago
692 1081 793 1119 haec
810 1081 982 1132 sumpsit
997 1094 1069 1120 suo
1085 1081 1292 1134 periculo:

99 1147 216 1186 Nunc
240 1159 315 1198 ego
341 1148 373 1185 si
394 1151 541 1198 potero
560 1136 808 1183 ‹3'rnamentis
825 1145 1031 1184 hominem
1047 1146 1370 1197 circumducere,

100 1213 210 1251 Dabo
238 1225 403 1265 operam
427 1216 472 1250 ut
493 1224 557 1249 me
574 1211 707 1263 ipsum
721 1209 844 1262 plane
862 1223 952 1249 esse
969 1212 1262 1263 siicophantam
1277 1213 1371 1250 sen-

696 1276 782 1314 tiat.
1303 1282 1372 1318 860

100 1343 184 1382 CH.
227 1342 314 1391 Quo
344 1342 469 1392 magis
501 1346 642 1393 specto
654 1370 665 1391 ‚
704 1343 837 1379 minus
866 1340 1002 1393 placet
1031 1342 1085 1379 mi
1114 1353 1162 1380 ea
1193 1342 1371 1380 hominis

700 1407 848 1445 facies:
875 1409 977 1444 mira
997 1411 1091 1445 sunt

97 1472 148 1511 Ni
170 1472 256 1511 illic
272 1474 433 1511 homost
449 1477 517 1510 aut
533 1472 775 1511 dormitator
792 1473 861 1510 a1'1t
877 1476 1014 1511 sector
1029 1473 1228 1511 zondrius.

97 1539 205 1577 Loca
236 1536 507 1589 contemplat,
540 1539 853 1589 circumspectat
880 1538 971 1575 sese
1003 1541 1124 1588 atque
1152 1538 1265 1576 aedis
1296 1541 1370 1577 no-

704 1603 842 1640 scitat:

99 1668 234 1707 Credo
265 1667 416 1720 edepol
441 1680 519 1719 quo
551 1669 643 1705 mox
666 1667 844 1705 furatum
858 1667 998 1704 ue'niat
1013 1665 1248 1718 speculatur
1263 1666 1367 1709 loca.

98 1734 230 1786 Magis
270 1733 454 1773 lubidost
487 1735 708 1785 opseruare
746 1732 844 1783 quid
874 1737 984 1783 agat:
1024 1733 1063 1770 ei
1102 1733 1165 1770 rei
1202 1737 1368 1784 operam

707 1796 822 1836 dabo.
1300 1802 1367 1838 865

99 1864 176 1904 SV.
220 1865 306 1902 Has
344 1864 535 1915 regiones
575 1862 871 1901 demonstrauit
907 1862 1006 1899 mihi
1035 1861 1111 1900 ille
1141 1862 1366 1901 conductor

705 1940 838 1965 meus:

98 1984 208 2047 Aput
222 1994 315 2034 illas
332 1994 444 2033 aedis
461 1992 668 2032 sistendae
684 1992 783 2030 mihi
800 1996 892 2030 sunt
908 1991 1211 2043 sucophantiae.

95 2060 215 2100 Foris
238 2058 419 2112 pultabo,
467 2058 552 2097 CH.
584 2056 649 2096 Ad
667 2058 827 2095 nostras
844 2055 956 2095 aedis
982 2056 1044 2094 hio
1069 2054 1228 2106 quidem
1242 2056 1367 2094 habet

702 2125 857 2161 rectam
872 2124 997 2161 uiam:

96 2189 251 2229 Hercle
276 2191 421 2242 opinor
445 2189 498 2227 mi
526 2188 763 2228 aduenienti
785 2189 862 2226 hac
879 2189 1000 2226 ndctu
1019 2185 1292 2238 agitandumst
1309 2188 1366 2225 ui-

704 2251 836 2303 gilias.
