1511 2502
200 135 250 175 76
677 134 983 172 PLAVTI
1214 144 1461 179 11134-2-50

197 251 265 289 Fit
279 248 471 298 magister
490 247 604 298 quasi
617 245 784 284 lucerna
802 246 921 284 tincto
939 250 1130 296 expretus
1143 245 1287 285 h‘nteo.

197 305 283 354 ltur
298 312 413 352 illinc
428 313 518 350 iure
536 311 658 350 dicto.
685 311 833 349 hocine
849 311 915 348 hic
930 312 1048 362 pacto
1064 315 1202 362 potest

197 369 388 417 inhibere
406 376 610 428 inperium
625 375 831 425 magister,
848 376 884 412 si
898 375 1008 426 ipsus
1025 376 1178 427 primus
1194 374 1391 428 uapulet?

197 443 292 484 MN.
325 431 443 480 A'cris
472 440 691 493 postulatio
725 441 826 479 haec
856 445 938 478 est:
977 454 1096 492 quom
1119 442 1238 480 huius
1263 440 1371 480 dicta
1399 441 1452 479 in-

803 504 970 556 tellego‚

197 574 305 613 Mira
320 578 412 611 sunt
430 572 471 610 ni
488 570 739 610 Pistoclerus
754 570 911 609 L1'1dum
925 572 1070 623 pugnis
1087 571 1281 611 contudit.
1390 576 1460 610 450

196 638 280 678 LV.
313 637 385 676 Set
412 637 500 687 quis
519 637 585 674 hic
606 640 668 674 est
685 648 804 687 quem
820 639 1017 674 astantem
1033 636 1153 675 uideo
1171 640 1263 675 ante
1287 635 1460 674 ostium?

802 713 824 738 ο
839 699 1078 751 Philoxene,

197 769 303 808 Deos
333 769 533 821 propitios
563 767 627 805 me
658 765 803 805 uidere
828 769 944 817 quam
967 766 1081 805 illum
1107 767 1216 818 [hau]
1242 766 1459 806 mauellem

800 832 909 870 mihi.

197 902 280 940 PH.
314 901 411 951 Quis
435 898 521 938 illic
547 898 638 937 est?
682 897 767 937 LV.
799 896 1078 936 Mnesilochus
1102 899 1212 949 gnati
1235 898 1293 937 tiri
1308 898 1460 937 sodalis

800 962 880 1013 [hic
898 962 1138 1014 quidemst]:

200 1031 304 1070 Haut
330 1026 530 1067 consimili
553 1028 716 1079 ingenio
742 1032 862 1078 atque
885 1027 998 1066 illest
1017 1030 1085 1079 qui
1110 1028 1151 1066 in
1180 1027 1365 1081 lupanari
1389 1028 1457 1068 ad-

799 1094 928 1132 cubat

195 1161 461 1200 Fortunatum
477 1158 729 1208 Nicobulum,
749 1160 815 1209 qui
831 1157 947 1196 illum
965 1157 1155 1210 produxit
1171 1159 1261 1198 sibi.
1390 1165 1458 1198 455

195 1226 279 1265 PH.
318 1225 457 1264 saluos
482 1226 557 1275 sis,
586 1223 866 1263 Mnesiloche:
899 1223 1050 1262 saluom
1073 1228 1115 1262 te
1141 1223 1335 1262 Aduenire
1362 1225 1459 1275 gaii-

797 1287 887 1328 deo.

195 1355 287 1394 MN.
320 1355 370 1393 Di
393 1361 434 1393 te
452 1360 606 1406 ament,
635 1354 871 1394 Philoxene.
915 1354 999 1394 LV.
1033 1354 1111 1393 Hic
1136 1355 1243 1393 enim
1267 1357 1346 1394 rite
1362 1368 1459 1407 pro-

801 1419 963 1458 ductast
978 1421 1104 1471 patri:

194 1477 239 1525 ln
255 1498 365 1524 mare
382 1487 427 1535 it,
447 1498 534 1523 rem
550 1485 790 1524 familiarem
810 1487 938 1535 curat,
956 1484 1132 1523 custodit
1148 1483 1328 1523 domum:

197 1542 437 1602 Opsequens
459 1550 803 1601 oboediensquest
822 1551 924 1588 mori
942 1555 1061 1600 atque
1078 1550 1247 1601 inperiis
1262 1550 1402 1600 patris.

192 1605 308 1653 lllum
326 1627 458 1652 meum
474 1613 618 1651 malum
634 1618 869 1665 promptare
886 1613 1020 1651 malim
1034 1626 1150 1664 quam
1159 1613 1372 1664 peculium.
1389 1619 1459 1653 460

193 1681 279 1721 PH.
312 1679 513 1729 Quidum?
556 1678 639 1718 LV.
673 1679 795 1728 Quia,
823 1678 970 1716 malum
996 1680 1029 1716 si
1052 1683 1280 1731 promptet,
1311 1679 1457 1718 indies

792 1744 913 1782 faciat
929 1745 1071 1784 minus.

1246 1820 1265 1839 ,ὅ

192 1875 270 1913 Hic
288 1874 436 1913 sodalis
451 1873 677 1912 Pistoclero
693 1875 770 1912 iam
786 1887 887 1926 puer
905 1876 1031 1925 puero
1051 1874 1145 1912 fuit:

194 1939 391 1978 Triduom
412 1951 492 1976 non
510 1940 684 1977 interest
700 1940 842 1977 aetatis
858 1944 902 1976 ut
918 1940 1044 1977 maidr
1060 1940 1159 1976 siet:

191 2007 345 2046 Ve'rum
368 2006 575 2056 ingenim
598 2005 690 2057 phis
715 2007 883 2056 triginta
911 2006 1034 2056 [huic]
1065 2006 1178 2044 annis
1195 2005 1320 2044 maius
1338 2018 1455 2057 quam

794 2070 967 2110 alterist.

189 2138 275 2177 PH.
309 2138 416 2176 Cziue
447 2135 593 2175 malum
623 2141 666 2174 et
694 2137 893 2187 conpesce
922 2137 965 2174 in
988 2135 1103 2174 illum
1128 2134 1267 2174 dicere
1291 2133 1453 2174 iniuste‘.

789 2202 873 2241 LV.
904 2202 1033 2240 Tace:
1386 2205 1453 2239 465

190 2268 345 2307 Stultus
366 2280 408 2306 es
427 2269 495 2319 qui
511 2267 575 2305 illi
591 2267 694 2306 male
711 2280 832 2319 aegre
849 2271 991 2320 patere
1008 2267 1088 2306 dici
1105 2269 1173 2319 qui
1190 2267 1298 2306 facit.
