1511 2541
141 428 347 487 Atrnssnvs
374 453 648 484 Fnsscxmsunvs
672 451 862 482 anssmco
885 450 1103 483 erscnssmo
1131 449 1163 482 S.
1214 450 1310 490 Quod
1340 461 1408 484 ‘run

139 501 371 543 potissimum,
397 498 449 529 vir
473 507 601 529 summe
625 497 781 537 idemque
807 498 917 528 animo
936 506 1009 527 meo
1031 497 1221 536 carissime,
1248 496 1334 529 hanc
1356 508 1409 528 co-

140 545 347 578 moediarum
372 543 598 574 Plautinarum
621 542 882 584 recognitionem
907 543 979 574 sive
1003 552 1044 574 ex
1066 547 1160 584 parte
1178 543 1408 574 recensionem

141 591 250 622 dicere
275 590 381 621 mavis
406 588 561 630 inscripsi
585 588 750 619 neminem
776 592 856 629 puto
882 587 954 618 fore
979 589 1036 627 qui
1062 589 1215 626 miretur,
1252 589 1409 628 quoniam

140 637 197 668 diu
221 637 306 667 inter
331 634 478 666 eruditos
504 638 632 665 constat
656 641 702 665 ΤΒ
728 643 829 675 opera
851 641 919 664 ’ΠΛ
944 634 1011 664 iam
1034 643 1097 674 per
1118 633 1194 675 plus
1220 634 1279 664 tria
1304 634 1409 665 lustra

138 682 254 713 Plauto
292 679 500 712 emendando
535 685 634 719 atque
668 678 874 710 inlustrando
906 679 1060 720 impensa
1091 678 1180 710 hunc
1204 684 1337 720 poetam
1363 679 1409 710 ita

139 728 235 767 quasi
260 735 360 758 'rvvm
385 733 454 757 'mn
478 725 666 756 vindicasse
690 730 726 756 ut
751 724 913 764 quidquid
939 734 957 755 a
974 725 1115 755 sanioris
1134 725 1269 765 quidem
1288 725 1409 756 doctri-

137 782 199 804 nae
221 773 406 803 rationibus
428 771 615 812 profectum
636 770 679 801 ad
696 770 912 802 instauranda
927 775 1048 811 poetae
1065 770 1167 802 verba
1183 771 1407 812 excogitatum

138 819 179 849 sit
212 817 254 849 ad
286 826 330 849 ΤΒ
361 816 574 859 potissimum
600 820 767 847 auctorem
792 815 1003 847 referendum
1028 816 1098 846 iure
1124 815 1286 847 videatur.
1325 815 1408 847 illud

138 869 248 895 contra
282 873 356 895 cum
389 862 589 903 quibusdam
623 862 697 893 aliis
721 867 791 892 tum
815 868 886 893 'nm
910 862 1028 892 mirum
1052 862 1159 893 videri
1183 862 1292 903 possit
1317 862 1406 901 quod

139 919 220 950 ego,
246 908 324 939 dum
349 917 396 938 'rv
418 908 572 938 Plautum
596 915 696 938 Tvvm
721 907 852 948 pridem
878 907 1070 938 enixissime
1092 906 1266 938 hominum
1292 907 1404 938 doc-to-

136 964 209 984 rum
242 955 327 984 votis
361 952 583 994 ecflagitatum
618 962 724 994 nuper
754 953 787 983 in
814 952 920 982 lucem
947 951 1045 983 edere
1068 953 1207 994 coepisti
1233 957 1264 984 et
1289 953 1321 983 in
1348 953 1406 983 ab·

138 998 297 1030 solvendo
333 999 396 1030 isto
431 998 556 1039 ingenii
593 1006 652 1029 Τνι
688 1007 727 1028 ac
761 997 905 1028 nominis
943 998 1145 1038 sempiterno
1191 1003 1400 1029 monuments*

137 1045 265 1074 naviter
287 1042 455 1080 elaboras,
481 1042 632 1073 eiusdem
655 1048 776 1083 poetae
796 1042 929 1073 fabulas
949 1042 992 1074 ad
1010 1044 1089 1074 artis
1108 1052 1259 1074 normam
1278 1053 1391 1074 correo

135 1094 186 1119 tas
220 1089 254 1119 in
285 1088 456 1130 publicum
489 1088 636 1118 emittere
669 1088 807 1118 institui.
851 1087 964 1127 itaque
1000 1097 1041 1118 ne
1063 1089 1259 1119 temeritatis
1286 1098 1305 1119 a
1326 1098 1405 1130 pru-

137 1134 291 1165 dentibus
314 1134 366 1164 vel
391 1133 585 1165 inhonestae
609 1132 689 1164 lucri
714 1132 906 1173 cupiditatis
933 1142 952 1163 a
974 1132 1147 1164 malevolis
1169 1143 1302 1175 arguar,
1330 1143 1405 1165 nar-

135 1179 276 1210 randum
300 1179 382 1210 mihi
405 1188 479 1210 esse
502 1178 658 1220 intellego
684 1177 741 1218 qui
765 1177 889 1209 sactum
914 1178 956 1209 sit
980 1183 1016 1208 ut
1041 1177 1127 1209 hanc
1144 1188 1206 1220 ego
1226 1179 1406 1211 editionem

137 1234 224 1256 nunc
254 1234 372 1266 parare
397 1225 544 1256 animum
570 1224 772 1255 inducerem.
807 1223 923 1254 detulit
949 1224 1036 1254 enim
1061 1223 1214 1255 librarius
1238 1224 1404 1256 honestis-

136 1271 239 1301 simus
265 1270 350 1301 ultro
375 1269 457 1301 mihi
481 1278 601 1300 munus
626 1268 887 1311 recognoscendi
909 1268 1078 1300 Plautinas
1102 1269 1294 1301 comoedias
1321 1280 1404 1310 quas

134 1317 168 1346 in
190 1315 391 1347 bibliotheca
422 1325 484 1346 sua
506 1315 703 1356 scriptorum
728 1313 926 1345 Graecorum
951 1319 982 1346 et
1003 1314 1197 1346 Latinorum
1222 1315 1405 1347 desiderari

136 1360 232 1391 nefas
264 1366 367 1392 esset:
403 1361 525 1392 dubius
550 1360 656 1402 primo
679 1359 859 1391 haerebam
884 1369 944 1391 nec
970 1359 1196 1392 dubitationes
1221 1370 1313 1392 meas
1337 1362 1403 1393 dis-

135 1405 350 1438 simulabam:
392 1406 451 1438 sed
477 1416 552 1437 cum
578 1406 714 1437 edoctus
739 1414 847 1436 essem
871 1405 933 1436 viri
957 1404 1185 1437 honestissimi
1209 1406 1340 1438 firmum
1366 1417 1405 1438 ac

135 1450 253 1482 stabile
277 1451 451 1483 consilium
476 1461 550 1483 esse
572 1457 608 1482 ut
630 1450 693 1482 hae
719 1451 912 1482 comoediae
935 1451 969 1481 in
993 1451 1050 1482 illa
1073 1461 1173 1492 quam
1199 1452 1268 1484 dixi
1284 1452 1403 1484 biblio-

133 1496 229 1528 theca
259 1496 351 1529 foras
382 1498 609 1529 emitterentur
640 1502 818 1537 antequam
843 1505 915 1528 mvn
938 1498 1090 1528 recensio
1122 1497 1166 1528 ad
1188 1497 1289 1529 finem
1315 1503 1403 1529 esset

133 1543 313 1583 perducta,
347 1553 412 1582 quo
446 1543 479 1574 in
504 1542 638 1584 negotio
664 1542 729 1574 nisi
753 1552 814 1584 ego
839 1551 974 1583 operam
996 1543 1171 1584 pollicerer
1193 1542 1288 1575 alteri
1311 1543 1403 1575 cuili-

134 1588 189 1618 bet
212 1587 339 1619 homini
365 1588 461 1619 docto
489 1588 627 1619 eandem
654 1587 876 1619 conditionem
901 1587 1049 1619 oblatum
1073 1589 1128 1626 iri,
1155 1593 1226 1620 tum
1249 1589 1402 1621 omnibus

135 1633 267 1664 remotis
305 1633 470 1674 scrupulis
507 1638 537 1665 et
575 1633 656 1664 mihi
694 1639 726 1664 et
755 1633 833 1664 huic
861 1639 982 1673 poetae
1008 1633 1128 1665 debere
1152 1634 1245 1665 visus
1268 1644 1342 1665 sum
1367 1640 1403 1665 ut

133 1678 337 1719 provinciam
363 1678 453 1710 illam
478 1689 520 1710 ne
545 1688 748 1710 recusarem:
774 1688 834 1720 pro
862 1688 923 1709 sua
948 1679 1035 1710 enim
1061 1680 1180 1719 cuique
1203 1685 1298 1721 parte
1318 1681 1402 1711 acri-

134 1731 183 1754 ter
208 1724 398 1755 enitendum
423 1733 497 1755 esse
521 1724 704 1755 arbitrabar
727 1729 763 1755 ut
779 1723 932 1765 exempla
954 1724 1070 1756 harum
1090 1724 1279 1756 fabularum
1297 1735 1403 1766 eaque

132 1778 235 1810 parvo
261 1770 424 1811 parabilia
446 1770 478 1800 in
505 1779 712 1801 communem
731 1779 830 1800 usum
844 1770 996 1801 venirent
1012 1780 1099 1810 quae
1116 1771 1162 1802 ita
1180 1776 1291 1802 essent
1310 1781 1398 1803 com-

132 1820 248 1855 parata
269 1820 306 1846 ut
329 1814 481 1846 homines
507 1815 674 1846 literarum
693 1815 886 1846 Latinarum
903 1821 1052 1847 amantes
1069 1816 1205 1847 tandem
1222 1817 1401 1857 aliquando

133 1859 349 1892 falsissimam
374 1860 464 1891 illam
489 1860 550 1892 sed
573 1860 792 1902 plurimorum
816 1861 916 1892 etiam
940 1861 1105 1892 mentibus
1132 1861 1267 1893 insitam
1293 1862 1335 1893 de
1351 1863 1401 1893 in-

132 1905 233 1936 finitis
258 1905 398 1937 licentiis
424 1906 568 1938 metricis
591 1915 630 1937 ac
650 1906 859 1948 prosodiacis
883 1907 1004 1946 quibus
1029 1906 1159 1937 numeri
1182 1906 1324 1939 Plautini
1349 1918 1401 1939 re-

132 1951 212 1992 pleti
238 1956 348 1982 essent
374 1952 564 1992 opinionem
586 1952 715 1984 abicere
741 1957 769 1982 et
789 1960 955 1983 summam
975 1962 1089 1983 eorum
1107 1951 1307 1994 elegantiam
1325 1963 1400 1994 per-

132 1996 260 2037 spicere
282 2002 380 2037 atque
406 1997 561 2028 admirari
585 2002 732 2038 possent.
760 1998 844 2028 ratio
871 2002 980 2028 autem
1006 2007 1072 2037 qua
1091 2007 1227 2030 munere
1244 2004 1400 2040 suscepto

132 2041 165 2071 in
186 2040 250 2072 hoc
275 2042 408 2082 quidem
430 2042 536 2084 primo
561 2047 652 2074 tomo
678 2041 796 2083 (quem
817 2047 854 2073 ut
886 2043 1053 2074 secundus
1089 2052 1273 2084 paucorum
1309 2053 1400 2075 men-

132 2086 218 2116 sium
249 2086 421 2119 intervallo
453 2088 598 2129 excipiat
623 2086 762 2128 curabo)
784 2087 943 2130 perfungi
978 2088 1092 2120 studui
1125 2089 1315 2121 necessario
1350 2090 1398 2120 di-

133 2140 229 2162 versa
260 2131 322 2164 fuit
354 2133 388 2164 in
421 2133 469 2165 eis
494 2133 617 2164 fabulis
643 2143 785 2174 quarum
810 2141 900 2164 TVAS
926 2133 959 2164 in
982 2134 1137 2165 manibus
1159 2134 1324 2167 habebam
1349 2145 1400 2165 re-

132 2177 321 2216 censiones,
347 2187 432 2217 quae
456 2184 532 2209 sunt
556 2178 650 2210 Miles
673 2178 840 2220 gioriosus
865 2184 896 2209 et
917 2178 1148 2218 Trinummus‚
1176 2186 1276 2220 atque
1300 2181 1333 2211 in
1352 2181 1400 2210 eis

131 2230 164 2252 in
187 2222 307 2262 quibus
333 2233 407 2255 meo
432 2223 579 2265 periculo
604 2233 657 2255 res
683 2233 752 2255 erat
775 2223 939 2265 gerenda,
965 2234 1051 2265 quae
1067 2230 1144 2256 sunt
1160 2230 1226 2256 tres
1243 2226 1398 2257 relicuae.

132 2271 230 2306 atque
262 2268 295 2298 in
327 2268 391 2299 illis
426 2269 560 2310 quidem
594 2279 647 2300 me
679 2274 806 2300 tantum
831 2279 897 2300 non
923 2270 955 2300 in
983 2270 1136 2302 omnihus
1162 2271 1261 2302 rebus
1289 2281 1307 2301 a
1328 2278 1399 2302 ‘rvo

1073 2324 1093 2345 a
1109 2315 1126 2337 ἦ(
