1511 2502
466 98 524 129 AD
549 97 654 129 FRrD.
686 97 977 130 RITSCHELIVM.
1273 99 1362 131 VIlll

91 202 179 232 jone
203 210 267 232 nou
294 210 403 232 cai-eie
428 199 505 231 alibi
530 200 668 241 probati
693 204 723 230 et
748 200 937 241 suspicatus
963 209 1036 231 sum
1056 199 1120 231 hoc
1135 209 1241 241 genus
1261 201 1358 231 etiam

90 246 188 278 latius
219 245 368 288 patere),
408 246 486 277 item
522 245 553 276 in
587 245 764 285 surpiculis
797 244 889 286 Capt.
910 242 978 278 816
1010 255 1069 287 pro
1103 246 1270 286 sirpiculis
1295 245 1358 286 (cf.

92 291 195 325 Lucil.
223 302 277 333 ap.
304 290 387 324 Non.
413 300 446 333 p.
461 287 564 331 490):
589 301 609 322 u
631 301 690 332 Ριο
716 300 735 322 o
760 291 791 321 in
817 291 1011 323 adulescens
1035 295 1066 322 et
1089 292 1229 331 epistula
1255 290 1359 332 (quae

92 337 218 369 formae
246 337 359 369 itidem
392 336 482 378 apud
513 342 640 368 ceteros
666 336 843 377 sciiptores
869 336 924 368 illa
949 337 1020 368 sola
1047 336 1130 368 haec
1154 342 1286 379 praeter
1312 338 1359 368 vi-

90 383 213 414 cariam
242 382 341 414 fidem
364 380 525 422 habent),
558 382 590 413 in
613 381 784 414 trz'obulum
805 383 979 422 ⁴qlaucuma
1004 382 1196 414 Acheruns:
1228 393 1271 414 au
1298 392 1358 424 pro

89 438 108 460 o
141 429 171 459 in
206 429 370 460 ausculum
404 433 434 458 et
466 428 638 459 auscularz'
666 427 728 467 (cf.
756 427 841 458 Fest.
871 428 965 459 Pauli
989 437 1024 469 p.
1041 425 1086 460 28
1111 434 1141 459 et
1166 428 1323 459 Priscian.
1348 429 1358 459 Ι

89 484 121 515 p.
139 471 244 512 562):
277 483 295 505 o
318 483 378 515 pro
403 484 422 504 u
447 482 580 514 semper
610 478 686 515 post
719 472 854 504 alteram
886 484 907 504 u
931 474 1002 504 sive
1026 479 1263 505 consonantem
1288 474 1359 505 sive

90 518 258 556 vocalem,
285 525 320 550 ut
346 519 533 560 scripserim
559 529 623 550 non
650 518 757 549 solum
784 520 849 550 uolt
873 520 969 551 uoltis
992 520 1098 551 uoltus
1117 521 1230 561 uolqus
1247 520 1359 559 uolpes

95 565 263 596 Volcanus
292 574 409 596 seruos
433 574 546 595 nouom
570 565 681 596 uiuont
704 564 764 595 sed
790 565 889 596 etiam
911 569 1053 597 mortuos
1076 569 1211 597 mutuom
1235 566 1359 596 miluom

89 611 256 651 inqenuom
277 612 477 650 praecipuos
503 610 643 641 triduom
657 610 810 650 fluctuom
835 615 932 642 ruont
954 610 1098 643 abnuant
1122 616 1153 642 et
1178 621 1264 651 quae
1282 617 1358 642 sunt

89 655 210 687 similia
234 656 380 698 exceptis
404 660 476 687 tuus
500 660 584 687 tuum
608 665 686 687 suus
710 666 817 693 suum,
852 657 929 688 item
953 657 1173 698 praecedente
1199 667 1240 698 qu
1268 662 1302 687 ut
1326 657 1358 687 in

89 703 203 743 quoius
228 703 305 743 quoi
328 711 412 743 quor
436 712 527 743 quom
553 700 628 741 (ubi
653 701 839 733 coniunctio
866 702 933 743 est)
956 712 1197 744 quaequomque
1216 707 1357 744 utquom-

89 757 151 788 que
182 746 267 788 (non
298 748 503 790 quamplures
535 747 594 778 sed
624 748 799 787 conplures
833 748 990 787 quoniam
1027 748 1060 779 in
1096 747 1160 779 hoc
1193 747 1356 780 vocabulo

90 793 291 835 praepositio
318 792 386 832 est)
411 802 546 834 aequom
572 798 602 824 et
627 793 776 834 iniquom,
804 793 868 824 nisi
892 804 932 824 cu
956 794 1055 834 posui
1080 798 1114 824 ut
1138 794 1171 824 in
1193 793 1357 825 mendaci-

88 840 178 870 locus
207 839 379 879 falsilocus
411 839 579 870 uanilocus
606 839 816 870 conlocantur
836 839 1012 878 pedis-ecus
1036 844 1237 871 execuntur:
1274 839 1357 870 anti-

91 885 201 923 quitus
231 884 384 915 videlicet
417 890 592 924 utrumque
628 893 733 925 genus
757 884 874 915 eodem
898 885 996 916 modo
1023 886 1182 926 scriptum
1209 894 1283 916 esse
1308 885 1356 915 vi-

91 930 186 960 detur
209 938 314 963 Qwvs
341 938 415 963 (ΠΜ
444 938 563 962 Assqvm
588 937 781 963 rumsncws
807 930 891 960 sicut
915 939 1071 964 mavum
1097 939 1190 964 evm
1217 936 1248 962 et
1271 940 1355 970 quae

90 980 166 1005 sunt
191 974 326 1005 similia:
355 975 496 1014 denique
520 985 558 1006 oe
579 984 638 1015 pro
665 985 684 1005 u
709 975 740 1005 in
764 976 888 1006 moenia
911 976 1065 1007 inmoenz's
1087 977 1209 1007 moenio
1227 975 1356 1007 admoc-

89 1021 142 1051 nz’o
167 1020 351 1051 conmoenz‘o
375 1018 454 1061 (sed
478 1029 543 1051 non
567 1028 668 1050 ausus
691 1029 764 1050 sum
789 1022 970 1052 conmoenz's
994 1021 1136 1052 scribere
1153 1031 1213 1062 pro
1231 1031 1356 1053 conmu-

89 1072 158 1113 πίε)
182 1073 425 1104 circummoenio
451 1071 572 1113 (quare
589 1073 688 1103 etiam
708 1071 851 1105 Mil.223
867 1067 1003 1104 moeni
1019 1075 1231 1106 scribendum
1249 1075 1355 1115 erat):

89 1139 164 1160 sero
189 1129 336 1160 intellexi
359 1128 445 1160 Rud.
461 1126 529 1161 998
553 1133 584 1159 et
611 1127 700 1160 1000
721 1122 920 1173 poeniceo
940 1134 970 1159 et
993 1124 1234 1174 poeniceum
1259 1131 1355 1161 resti-

89 1178 250 1210 tuendum
277 1179 381 1210 fuisse
405 1178 456 1211 cll.
474 1177 623 1209 Pseud.1
646 1176 667 1209 2
683 1174 738 1209 92.
761 1177 801 1208 de
821 1175 946 1209 Graeca
964 1178 1070 1210 vocali
1092 1190 1115 1220 y
1138 1189 1179 1211 ex
1195 1179 1356 1211 Plautini-s

91 1224 213 1256 fabulis
230 1233 368 1266 prorsus
384 1223 582 1265 expellenda
599 1223 631 1254 in
647 1223 784 1262 eiusque
803 1222 911 1254 locum
929 1224 1052 1264 ubique
1064 1235 1084 1255 u
1097 1226 1289 1266 reponenda
1308 1234 1356 1257 'rv

90 1270 123 1300 in
145 1269 276 1313 Proleg.
302 1269 391 1301 Trin.
416 1279 450 1311 p.
467 1278 549 1301 xcvi
569 1269 666 1300 nimis
683 1273 777 1299 caute
796 1268 962 1300 iudicasse
979 1270 1111 1308 videre,
1137 1270 1356 1302 confidentius

90 1315 170 1346 ibid.
187 1325 220 1356 p.
237 1324 394 1347 cccxxv:
422 1325 484 1357 ego
509 1315 541 1346 in
566 1320 720 1354 quattuor
741 1314 857 1354 primis
878 1315 1060 1346 comoediis
1078 1315 1141 1347 hoc
1159 1321 1248 1348 tomo
1267 1326 1353 1347 com-

90 1360 264 1402 prehensis
290 1361 353 1392 nisi
379 1361 411 1392 in
436 1360 628 1400 Amphitruo
652 1365 683 1390 et
702 1359 904 1399 sucophanta
923 1366 954 1392 et
975 1361 1168 1410 mayudarzs
1187 1362 1273 1394 Rud.
1289 1360 1356 1394 633

92 1413 123 1438 et
155 1411 313 1448 truqonus
347 1405 439 1447 Capt.
455 1404 521 1438 851
547 1405 623 1446 (qui
649 1404 771 1436 Graece
795 1406 915 1437 dicitur
937 1400 1080 1447 τρυγών
1106 1418 1171 1447 quo
1196 1407 1237 1439 de
1258 1417 1355 1449 para-

92 1452 324 1484 schematismo
357 1451 399 1483 cf.
425 1451 595 1483 Lonsscxn
624 1450 766 1492 Paralip.
797 1461 937 1493 gramm.
965 1451 1019 1483 Gr.
1053 1462 1085 1494 p.
1105 1451 1189 1493 138)
1220 1454 1355 1485 submo-

92 1508 167 1529 vere
192 1508 256 1529 non
282 1507 372 1529 eram
397 1507 518 1535 ausus,
545 1497 605 1528 sed
630 1497 662 1528 in
686 1496 876 1528 Trinummo
903 1496 966 1528 hac
988 1497 1020 1528 in
1043 1508 1078 1529 re
1102 1504 1257 1530 constans
1283 1509 1356 1530 esse

90 1544 202 1585 coepi,
226 1544 344 1585 scripsi
368 1544 469 1585 igitur
482 1543 645 1574 Lusz'teles
667 1543 835 1581 muropola
856 1541 1059 1583 Olumpiclzus
1077 1543 1186 1576 Surus
1200 1544 1357 1576 Illuricus

91 1596 144 1638 (v.
165 1594 233 1629 852
265 1597 461 1637 scripturam
495 1595 707 1627 Ambrosiani
743 1587 927 1627 Hilurica
962 1596 1117 1629 intactam
1152 1598 1356 1630 debebamus

91 1646 276 1687 relinquere
294 1645 345 1679 cll.
362 1645 448 1677 Men.
465 1646 492 1677 11
511 1644 528 1677 1
549 1643 628 1687 10),
654 1653 763 1685 neque
787 1644 820 1675 in
836 1644 969 1677 relicuis
987 1646 1109 1678 fabulis
1125 1647 1252 1679 literam
1267 1648 1356 1680 illam

91 1692 238 1724 tolerabo
265 1701 363 1732 quam
389 1701 429 1723 ne
447 1691 587 1722 Ennium
606 1690 740 1731 quidem
761 1693 792 1720 et
808 1688 935 1722 Attium
954 1691 1148 1725 adhibuisse
1166 1692 1354 1726 Ciceronem

93 1743 124 1769 et
156 1737 296 1769 Marium
331 1737 536 1768 Victorinum
571 1742 672 1768 testes
702 1735 876 1767 habemus.
911 1747 994 1769 cena
1025 1743 1056 1769 et
1091 1740 1237 1779 paenitet
1261 1744 1292 1771 et
1318 1749 1357 1769 ne

93 1783 289 1815 adfirmandi
312 1782 508 1824 particulam
534 1793 586 1813 me
611 1782 658 1813 sic
682 1791 814 1822 semper
835 1782 1009 1823 scripsisse
1033 1793 1093 1825 pro
1111 1794 1214 1816 coena
1231 1791 1262 1816 et
1278 1794 1358 1824 poe-

93 1830 173 1860 nitet
205 1834 236 1860 et
268 1838 331 1860 nae
359 1828 489 1859 silentio
521 1828 734 1869 praeterirem
761 1827 824 1857 nisi
848 1828 968 1859 multos
992 1828 1144 1861 homines
1168 1830 1282 1862 doctos
1311 1829 1357 1860 vi-

95 1875 206 1906 derem
240 1874 388 1906 novicias
416 1873 490 1905 illas
520 1883 561 1905 ne
591 1874 699 1904 dicam
728 1872 886 1904 barbaras
919 1873 1043 1906 formas
1075 1875 1263 1907 etiamnunc
1288 1885 1357 1906 am-

92 1920 202 1972 plecti.
236 1920 378 1962 simplici
407 1920 419 1950 ἰ
449 1919 530 1950 duce
556 1919 775 1971 Ambiosiano
803 1918 908 1958 (Trin
924 1916 985 1961 17)
1012 1921 1153 1971 sciiptus
1180 1926 1228 1952 est
1250 1922 1357 1952 nomi-

95 1966 225 1997 nativus
250 1965 304 1996 ille
328 1965 548 2018 pronominis
557 1974 617 2006 pro
643 1965 684 1996 ii.-
702 1957 922 2005 ‘geminatum
941 1965 1027 1997 enim
1051 1966 1062 1996 i
1101 1971 1135 1997 ut
1160 1975 1231 1999 τνΑ
1257 1967 1358 1998 V'Letbi

96 2010 215 2042 faciam
239 2021 313 2042 mea
346 2021 376 2042 in
399 2011 594 2052 pronomine
621 2020 684 2041 non
709 2010 868 2041 maiorem
891 2010 990 2042 fidem
1013 2010 1112 2043 habet
1138 2022 1237 2052 quam
1263 2013 1295 2043 in
1313 2012 1360 2042 die?

95 2056 158 2088 diis
192 2066 250 2097 pro
275 2056 397 2108 quibus
423 2061 478 2087 aut
504 2056 540 2087 di
563 2056 613 2087 dis
638 2061 673 2087 ut
697 2056 709 2086 i
734 2056 762 2087 is
786 2060 842 2086 aut
867 2055 922 2087 dez·
945 2056 1016 2088 deis
1041 2061 1076 2087 ut
1101 2058 1134 2089 ei
1156 2059 1205 2089 eis
1229 2063 1357 2090 xeteies

95 2095 303 2142 piobarunt’:
329 2102 408 2132 item
432 2111 562 2143 semper
588 2101 705 2153 suiipsi
729 2100 832 2132 obicio
857 2102 951 2133 z'nz‘cz'o
975 2103 1097 2133 conicio
1122 2103 1225 2134 dezcz'o
1252 2103 1359 2134 adzcz'o

95 2157 171 2178 curn
195 2147 358 2178 similibus
383 2146 415 2177 in
441 2147 559 2187 quibus
586 2147 755 2189 geminum
778 2147 791 2178 ἰ
812 2147 845 2178 in
870 2147 959 2178 nullo
978 2148 1064 2179 bono
1084 2148 1166 2179 libro
1185 2149 1357 2190 repeiitur

97 2198 209 2223 contra
238 2192 326 2223 Trin
343 2189 411 2225 644
444 2202 508 2223 non
531 2192 618 2223 obeae
642 2192 731 2232 quod
757 2200 805 2224 'rv
830 2194 1020 2224 coniectura
1042 2193 1165 2233 alioqui
1189 2193 1359 2236 praeclara

98 2236 274 2268 adsecutus
298 2246 333 2268 es
359 2237 419 2268 sed
444 2237 542 2269 obieae
569 2238 608 2269 de
635 2247 699 2277 qua
724 2237 888 2279 scriptura
914 2237 978 2269 alio
995 2237 1066 2270 loco
1085 2240 1270 2271 accuratius
1291 2239 1360 2269 dis·
