1511 2502
75 127 138 160 XX
512 125 720 158 EPISTVLA
747 125 911 158 camois

78 238 162 265 nastt
195 233 310 265 relicta
345 237 396 264 est
431 242 491 274 pro
526 241 566 263 ea
595 242 681 272 quae
710 231 780 263 sola
806 232 904 262 fidem
930 230 1030 263 habet
1058 227 1263 266 cenauisti.
1294 249 1348 256 ——-

76 288 117 319 V.
133 284 201 320 91⁸
227 286 392 318 immerito
421 286 455 317 id
480 286 570 326 quod
595 286 627 317 iu
648 286 741 317 libris
759 291 809 317 est
828 281 895 319 1161
918 282 1025 320 hunc
1045 286 1186 332 rogato
1209 287 1347 324 mutavi,

77 347 152 368 nam
188 347 391 377 quamquam
423 335 520 368 Sosia
553 337 585 367 in
619 337 792 378 proscenio
828 347 894 368 non
920 337 1015 368 adest
1039 342 1151 368 tamen
1175 336 1226 368 hic
1249 336 1348 368 Sosia

77 383 144 414 diei
170 387 279 424 potest
305 383 384 422 quia
410 382 443 413 in
468 382 607 413 aedibus
634 387 702 419 est,
730 391 795 422 qua
818 382 1059 423 significatione
1081 392 1265 424 pronomen
1293 382 1348 413 de-

77 429 330 459 monstrativum
356 428 560 459 sescentiens
588 438 606 457 a
631 427 746 458 Plauto
772 428 918 468 positum
946 434 1014 459 est:
1043 428 1083 459 tle
1107 427 1268 469 prosodia
1291 437 1348 458 au-

76 479 143 505 tem
170 473 245 504 vide
271 482 357 513 quae
386 482 488 514 supra
516 473 557 503 ad
583 483 612 503 v.
636 473 699 504 111
728 473 903 513 professus
929 483 1013 504 sum.
1039 490 1084 496 —
1112 474 1154 504 V.
1170 470 1238 506 924
1263 482 1348 503 nunc

77 526 124 556 sic
157 523 270 555 malim
309 529 492 555 correctum
521 518 636 556 Hanc
670 518 768 555 ml'hi
800 518 850 556 da
875 519 1054 556 ueniam:
1094 534 1124 554 v.
1144 521 1211 556 926
1237 528 1347 553 autem

77 579 242 610 sententia
274 577 427 620 flagitare
460 578 591 609 videtur
622 583 657 608 ut
683 578 845 609 scribatur
873 574 992 612 factis
1023 573 1112 624 [fui]
1145 571 1347 624 inpudicis

76 629 307 680 apstinens,
338 642 413 663 num
448 632 537 672 quod
570 632 645 663 libri
670 631 793 663 habent
816 633 917 673 factis
940 644 988 665 me
1011 634 1182 673 impudicis
1204 632 1349 663 abstines

76 694 141 715 non
168 684 278 714 minus
306 682 399 714 nihili
426 688 474 713 est
500 692 597 723 quam
625 692 710 722 quae
736 683 878 714 editores
904 686 1019 726 nugati
1043 690 1130 714 sunl.
1153 699 1199 706 —
1225 683 1266 714 V.
1281 680 1349 715 930

78 739 119 760 ex
147 729 375 760 emendatione
400 728 594 759 HERMANNI
621 728 716 759 dedi:
752 738 826 759 cum
854 739 931 761 vero
956 730 989 761 in
1014 730 1056 763 V.
1075 729 1110 760 C.
1132 729 1181 759 sic
1206 728 1348 769 scriptus

77 780 167 805 extet
191 774 252 805 Ibo
278 778 400 815 egomet
425 775 566 804 comilem
590 773 665 804 mila·
685 774 874 813 pudicitiam
900 776 1048 811 duxero,
1079 784 1166 805 nunc
1190 773 1271 805 illud
1296 774 1348 804 ibo

75 830 111 855 ut
137 823 305 866 glossema
332 823 440 855 delere
467 828 496 854 et
523 823 644 854 relicua
667 824 713 854 sic
736 830 949 866 transponere
975 825 1086 856 malim
1106 818 1348 858 Pudicitiam

77 879 239 925 egomet
273 873 427 911 duxero
460 874 649 911 comitem
680 874 801 923 mihi,
840 880 902 910 nisi
930 885 1077 921 praestat
1104 874 1348 912 Pudicitiam

77 934 240 980 egomet
262 931 419 966 mecum
444 929 633 966 comitem
654 927 829 966 duxero:
860 943 1060 974 quamquam
1082 944 1123 966 ne
1145 935 1194 965 sic
1213 933 1347 974 quidem

75 985 163 1016 hunc
188 985 298 1016 locunt
320 988 534 1025 per-sanatum
563 993 637 1015 esse
662 983 742 1014 mibi
769 984 955 1024 persuadeo
970 1008 978 1020 ‚
1007 984 1067 1016 sed
1089 990 1194 1016 totum
1214 993 1348 1015 versum

77 1038 151 1062 ante
178 1041 207 1063 v.
223 1028 291 1062 930
318 1028 486 1060 excidisse
509 1034 602 1070 puto.
629 1047 673 1052 —
703 1030 742 1059 V.
764 1028 832 1062 939
858 1039 958 1071 aegre
982 1030 1052 1061 fero
1069 1030 1158 1070 quod
1170 1029 1281 1061 relicta
1298 1034 1348 1060 cst

77 1075 256 1107 accusativi
285 1075 391 1105 forma
419 1075 604 1114 uoluptates
629 1083 690 1115 pro
717 1084 755 1105 ea
776 1085 874 1115 quam
892 1085 999 1106 sermo
1016 1075 1186 1106 Plautinus
1200 1075 1347 1116 postulat

76 1120 319 1172 uoluptatis:
351 1126 429 1156 item
449 1124 543 1165 Capt.
559 1122 626 1157 769
651 1126 834 1164 opimitates
857 1135 916 1166 pro
944 1121 1176 1172 opimitatis.
1209 1125 1256 1155 sie
1275 1124 1344 1155 Mil.

78 1177 120 1209 12
144 1175 188 1208 32
213 1174 280 1208 655
312 1172 397 1207 1027
423 1183 468 1205 ΤΒ
491 1181 669 1216 praeeunte
694 1177 824 1207 uirtutis
845 1177 980 1217 scripsi,
1008 1176 1122 1207 itidem
1143 1172 1267 1208 ’111193
1281 1184 1345 1206 non

76 1222 298 1264 spernendam
329 1221 445 1262 putavi
477 1221 658 1252 meretricis
692 1222 782 1261 quod
817 1222 890 1253 libri
924 1220 1083 1253 exhibent
1115 1228 1146 1252 et
1178 1221 1220 1252 ad
1247 1219 1345 1251 liuius

77 1267 267 1309 analogiam
293 1266 362 1297 Mil.
380 1263 447 1297 722
473 1267 613 1297 ceruicis
638 1266 690 1296 vel
717 1267 788 1298 sine
814 1267 906 1298 libris
931 1267 1077 1298 restitui:
1108 1272 1219 1298 contra
1249 1275 1346 1307 repu-

77 1314 167 1345 (liavi
191 1313 350 1344 librorum
377 1311 520 1343 imbricis
544 1311 611 1343 Mil.
627 1310 695 1343 504
721 1318 752 1342 et
775 1313 881 1352 inopis
903 1311 988 1343 Rud.
1007 1310 1071 1344 *257
1094 1322 1179 1352 quae
1196 1321 1261 1343 non
1276 1321 1345 1342 ma-

78 1361 128 1400 gis
153 1358 315 1389 rationem
338 1357 459 1388 habent
487 1367 585 1397 quam
614 1368 644 1390 v.
665 1368 692 1390 e.
711 1359 847 1399 legionis
870 1357 940 1388 Mil.
960 1355 1000 1390 17
1020 1365 1051 1390 et
1074 1356 1143 1389 224
1169 1362 1224 1388 aut
1247 1357 1346 1388 moris

79 1405 156 1436 ibisl.
184 1403 229 1435 40
265 1408 319 1434 aut
351 1403 486 1434 hominis
518 1403 600 1434 ibid.
619 1401 687 1435 660
712 1410 767 1434 aut
790 1404 968 1444 piscatorib·
994 1404 1074 1436 ibid.
1095 1400 1182 1435 1183
1208 1407 1263 1434 aut
1283 1412 1346 1433 me-

76 1446 350 1481 (iorisTri1t.707
379 1455 409 1479 et
435 1450 490 1488 qui
517 1455 593 1479 sunt
620 1448 747 1480 similes
773 1447 985 1481 librariorum
1001 1458 1200 1480 e1·r0reS.—
1224 1448 1265 1479 V.
1277 1446 1345 1480 953

75 1495 269 1526 HERMANM
295 1504 397 1525 suasu
424 1495 543 1535 scripsi
571 1495 653 1525 Dum
677 1504 754 1535 (²90,
782 1495 840 1525 sed
868 1494 1061 1526 defensione
1077 1504 1139 1525 non
1155 1498 1242 1525 caret
1256 1492 1346 1533 quod

77 1547 150 1577 libri
177 1545 298 1577 liabent
321 1540 449 1588 Quom
471 1551 560 1590 ego.
582 1561 639 1569 ·—·
668 1545 708 1577 V.
724 1543 792 1577 960
817 1556 891 1577 cum
912 1545 953 1576 V.
974 1545 1007 1577 C.
1029 1546 1103 1577 item
1121 1546 1191 1584 ipse
1211 1543 1343 1580 habeat,

78 1600 215 1632 forsitan
241 1599 324 1631 haee
348 1600 388 1630 sit
417 1610 493 1630 vera
518 1600 678 1641 scriptura
704 1593 884 1633 Proinde
916 1596 977 1633 eri
1005 1599 1050 1633 ut
1071 1595 1173 1644 sint7
1202 1592 1344 1631 itidem

76 1651 187 1701 ipsus
208 1650 272 1687 sit.
299 1671 356 1677 ——
384 1653 531 1686 &21020
557 1660 586 1684 et
614 1653 790 1695 Capt.83s)
815 1656 909 1690 (item
935 1655 1054 1688 Bacch.
1071 1652 1155 1695 582)
1177 1654 1344 1695 corrigen-

78 1710 156 1741 dum
184 1716 231 1741 est
260 1705 379 1755 ecqui
399 1705 476 1743 hoc
498 1705 631 1755 aperit
653 1705 829 1742 dstiuni?
849 1726 905 1734 —
932 1711 973 1740 V.
993 1707 1082 1742 1128
1096 1714 1126 1740 et
1143 1706 1232 1740 1144
1245 1717 1342 1748 quam

76 1764 116 1795 V.
138 1763 171 1797 C.
190 1765 326 1806 praebet
356 1765 461 1796 forma
492 1760 705 1798 Teresiam
736 1775 794 1807 pro
827 1764 988 1796 Tiresiam
1011 1774 1076 1796 non
1097 1763 1229 1794 videtur
1251 1771 1344 1803 sper-

76 1814 186 1845 nenda
211 1824 296 1848 esse.

170 1892 485 1934 Captivorum
535 1903 652 1925 versus
699 1893 740 1926 11
788 1903 884 1932 quem
922 1901 964 1922 ex
1002 1899 1073 1923 'rVA
1111 1890 1343 1922 emendatione

76 1941 257 1984 (Parerg.l
280 1953 311 1983 p.
328 1942 414 1983 222)
440 1944 516 1975 dedi
551 1945 662 1975 neseio
699 1953 740 1974 an
771 1943 876 1974 lenius
905 1943 954 1973 sic
981 1942 1180 1973 instauretur
1213 1934 1344 1984 Negat

74 1991 218 2031 hercle
238 1991 324 2031 illic
345 1992 535 2033 ultumus.
558 2016 614 2023 -—-
641 1999 681 2030 V.
702 1996 746 2030 28
768 1998 875 2038 possit
897 2007 956 2038 pro
983 1995 1140 2027 librorum
1166 2000 1279 2036 posset
1302 1995 1342 2025 ab

74 2047 197 2079 Rssrzxo
230 2049 376 2090 sumpsiy
412 2050 452 2080 ab
488 2049 605 2081 eodem
638 2060 671 2081 v.
689 2047 735 2081 34
761 2049 802 2080 de
822 2047 955 2088 praeda
979 2047 1073 2079 hosce
1098 2057 1158 2088 pro
1183 2047 1278 2078 hosce
1303 2046 1344 2076 de

73 2094 214 2134 praeda.
244 2104 304 2125 nec
329 2094 418 2133 quod
446 2105 474 2126 v.
489 2094 531 2127 31
559 2095 637 2126 dedi
663 2096 799 2136 equitem
821 2104 866 2125 ex
880 2093 980 2124 Alide
992 2103 1052 2134 pro
1068 2093 1226 2124 librorum
1238 2091 1343 2122 hlauti

74 2140 237 2181 scriptura
263 2140 399 2181 equitem
425 2141 521 2170 alium
547 2140 604 2177 (V.
631 2139 666 2171 C.
693 2141 813 2171 rectius
839 2140 943 2170 aleum
966 2146 1001 2169 ut
1027 2137 1127 2179 solet)
1159 2147 1267 2169 meum
1293 2142 1342 2167 est

73 2184 134 2216 sed
169 2185 307 2216 debetur
340 2183 479 2216 ΟΤτοΜ
514 2186 569 2225 qui
595 2191 671 2226 apte
697 2185 833 2217 eontulit
857 2184 956 2215 huius
984 2183 1115 2214 fabulae
1141 2193 1174 2215 v.
1193 2182 1270 2215 511.
1297 2198 1344 2204 —-

76 2230 113 2262 V.
129 2230 171 2262 51
198 2240 251 2261 me
275 2231 422 2271 graviter
446 2232 518 2271 ipse
542 2230 749 2271 reprehendo
777 2230 867 2270 quod
891 2238 956 2260 non
980 2228 1163 2270 significavi
1182 2237 1224 2258 ex
1241 2232 1342 2258 inter-

75 2274 241 2314 polatione
266 2275 462 2306 foedissima
487 2276 678 2317 irrepsisse:
705 2277 849 2317 primum
876 2275 961 2305 enim
987 2274 1066 2314 quid
1091 2272 1280 2315 languidius
1307 2282 1345 2302 ac
