1511 2502
158 129 212 169 44
638 129 945 169 PLAVTI
1179 139 1423 172 11121—28

486 265 783 301 ALCVMENA.
843 264 1097 303 IVPPITER.

215 359 298 399 AL.
331 360 487 398 Durare
504 372 664 411 nequeo
682 361 724 397 in
741 359 921 399 aedibus.
964 361 1022 397 ita
1036 361 1100 397 me
1115 360 1271 410 probri,

216 425 377 476 Stupri,
404 425 619 463 dedecoris
643 428 663 463 3
679 426 767 463 uiro
786 427 966 475 argutam
983 437 1093 462 meo:

214 491 274 529 Ea
289 493 394 542 quae
410 496 504 529 sunt
519 492 626 529 facta
641 491 795 528 infecta
810 502 857 527 re
874 502 964 528 esse
982 489 1230 527 occlamitat:
1352 495 1423 530 884

217 557 328 605 Quae
345 559 479 608 neque
497 561 589 595 sunt
605 557 711 594 facta
727 557 860 606 ne'que
878 568 952 605 ego
971 556 1012 592 in
1028 568 1090 592 me
1109 555 1271 605 admisi,
1289 556 1419 606 arguit

217 623 352 673 Atque
372 623 411 661 id
427 636 491 661 me
509 634 657 673 susque
675 622 808 672 de‘que
827 634 917 659 esse
934 622 1161 659 habituram
1176 626 1303 672 putat.

215 685 306 723 Non
323 686 471 738 edepol
487 687 630 724 faciam
646 688 779 737 neque
797 698 860 723 me
876 686 1087 737 perpetiar
1102 686 1243 736 probri

215 750 336 789 Falso
356 752 646 802 insimulatam,
672 755 767 803 quin
784 764 858 801 ego
875 750 987 789 illum
1003 755 1069 788 aut
1087 750 1271 788 deseram

217 816 299 853 Aut
315 817 436 854 faciat
453 818 549 854 satis
566 815 636 854 ille
653 819 773 867 atque
792 816 951 853 adiuret
969 818 1147 866 insuper,

216 881 335 920 Nolle
354 884 443 920 esse
461 881 568 919 dicta
586 894 687 932 quae
705 885 744 919 in
762 895 824 919 me
840 882 1043 919 insontem
1057 879 1242 931 protulit.
1353 885 1423 920 890

216 946 282 985 IV.
314 945 607 982 Faciundumst
622 946 675 982 mi
692 944 796 994 illut,
813 945 907 982 f1'eri
920 943 1155 995 quodillaec
1165 943 1357 996 postulat,

218 1010 260 1047 Si
277 1021 341 1047 me
358 1009 465 1047 illam
482 1014 679 1047 amantem
697 1009 747 1046 ad
763 1011 853 1047 se'se
871 1009 1053 1047 studeam
1070 1010 1278 1061 recipere:

219 1073 389 1124 Quando
409 1075 482 1123 ego
502 1073 610 1124 quod
626 1074 707 1111 feci
723 1073 765 1111 id
782 1074 930 1112 factum
948 1075 1234 1125 Amphitruoni
1252 1075 1369 1112 offuit

220 1141 354 1189 Atque
372 1137 432 1176 illi
450 1137 598 1175 dudum
616 1139 727 1175 meus
746 1150 856 1175 amor
872 1138 1078 1187 negotium

217 1204 371 1242 Insdnti
389 1203 591 1240 exhibuit:
615 1205 722 1240 nunc
740 1206 872 1238 autem
890 1202 1041 1239 insonti
1057 1202 1154 1239 mihi
1352 1208 1421 1243 895

217 1269 326 1307 Illius
342 1269 404 1305 ira
419 1268 460 1304 in
477 1268 580 1304 hanc
599 1271 639 1303 et
657 1264 873 1302 maledicta
890 1266 1094 1316 expetent.

219 1333 301 1372 AL.
333 1333 387 1370 Et
405 1334 543 1370 eccum
556 1330 676 1368 uideo
691 1357 702 1379 7
728 1329 880 1380 [modo]
897 1342 960 1367 me
975 1331 1163 1369 miseram
1180 1332 1248 1382 qui
1263 1332 1395 1382 Arguit

219 1398 383 1448 Stupri,
411 1396 641 1434 dedecoris,
702 1394 768 1433 IV.
803 1395 865 1432 Te
880 1393 997 1444 uolo,
1022 1408 1143 1445 uxor,
1162 1394 1364 1446 conloqui.

218 1462 329 1510 91101·
347 1460 418 1498 ted
435 1461 653 1500 auortisti?
710 1460 792 1499 AL.
823 1449 897 1496 Est
913 1460 969 1497 ita
983 1460 1190 1509 ingenium
1205 1472 1357 1497 meum:

217 1526 402 1564 inimicos
419 1538 580 1577 semper
597 1527 665 1563 osa
682 1538 767 1563 sum
785 1524 1006 1576 optuerier.
1354 1530 1422 1564 900

219 1589 285 1629 IV.
317 1591 421 1628 Heia
446 1592 582 1628 autem
604 1589 817 1627 inimicos?
874 1588 956 1627 AL.
989 1588 1056 1626 Sic
1081 1592 1156 1638 est,
1182 1601 1280 1627 uera
1302 1590 1421 1640 prae-

762 1653 874 1692 dico:

216 1718 303 1756 Nisi
322 1720 441 1757 etiam
458 1720 535 1757 hoc
552 1718 656 1758 falso
675 1718 754 1757 dici
769 1717 1073 1756 insimulaturus
1088 1731 1143 1757 es.

219 1783 287 1823 IV.
318 1784 447 1822 Nimis
479 1784 715 1823 iracunda’s.
772 1784 854 1822 AL.
885 1783 1005 1821 Potiu
1035 1787 1080 1821 ut
1107 1784 1309 1835 apstineas
1338 1796 1421 1821 ma·

762 1850 885 1886 num?

219 1912 319 1950 Nam
336 1914 449 1950 certo
468 1914 500 1951 si
518 1914 573 1951 sis
590 1916 708 1951 sz'mus
726 1917 793 1951 aut
808 1913 938 1963 sapizis
955 1912 1065 1961 satis,

217 1976 345 2024 9113111
359 1980 404 2013 tu
422 1976 650 2028 inpudicam
667 1990 756 2015 esse
774 1977 976 2015 arbitrere
994 1980 1036 2013 et
1050 1976 1277 2029 praedice8‚
1351 1982 1418 2018 905

219 2038 319 2077 Cum
336 2051 383 2076 ea
397 2041 442 2077 t1'1
458 2051 687 2078 sermonem
702 2042 778 2078 nec
793 2041 883 2078 ioco
899 2051 976 2077 nec
995 2041 1102 2078 serio

218 2103 314 2141 Tibi
333 2103 504 2152 11311033,
526 2104 604 2142 nisi
621 2105 675 2142 sis
693 2103 857 2142 stultior
874 2102 1137 2144 stultfssumo.

218 2167 286 2206 IV.
320 2167 363 2205 Si
381 2166 476 2216 dixi,
492 2167 620 2205 nihilo
636 2169 760 2218 magis
777 2180 820 2205 es
837 2180 971 2218 neque
986 2180 1060 2218 ego
1077 2181 1166 2207 esse
1177 2170 1367 2220 arbitror,

215 2230 271 2268 Et
284 2229 327 2267 id
346 2231 425 2268 hnic
440 2231 597 2268 reuorti
613 2233 674 2268 uti
691 2244 753 2269 me
770 2233 985 2283 purgarem
1007 2233 1093 2271 tibi.
