<?xml version="1.0" encoding="UTF-8"?>
<!DOCTYPE html PUBLIC "-//W3C//DTD XHTML 1.0 Transitional//EN"
    "http://www.w3.org/TR/xhtml1/DTD/xhtml1-transitional.dtd">
<html xmlns="http://www.w3.org/1999/xhtml" xml:lang="en" lang="en">
 <head>
  <title>
</title>
<meta http-equiv="Content-Type" content="text/html;charset=utf-8" />
  <meta name='ocr-system' content='tesseract 3.04.00' />
  <meta name='ocr-capabilities' content='ocr_page ocr_carea ocr_par ocr_line ocrx_word'/>
</head>
<body>
  <div class='ocr_page' id='page_1' title='image "./comoediae0102plauuoft_0266.png"; bbox 0 0 1511 2502; ppageno 0'>
   <div class='ocr_carea' id='block_1_1' title="bbox 180 55 1511 115">
    <p class='ocr_par' dir='ltr' id='par_1_1' title="bbox 180 55 1511 115">
     <span class='ocr_line' id='line_1_1' title="bbox 180 55 1511 115; baseline 0.002 -15"><span class='ocrx_word' id='word_1_1' title='bbox 180 60 264 100; x_wconf 77' lang='lat'><strong>232</strong></span> <span class='ocrx_word' id='word_1_2' title='bbox 661 55 970 95; x_wconf 84' lang='lat' dir='ltr'><strong>PLAVTI</strong></span> <span class='ocrx_word' id='word_1_3' title='bbox 1150 65 1511 115; x_wconf 10' lang='lat' dir='ltr'><strong>nnus-26¹</strong></span> 
     </span>
    </p>
   </div>
   <div class='ocr_carea' id='block_1_2' title="bbox 147 167 1450 2237">
    <p class='ocr_par' dir='ltr' id='par_1_2' title="bbox 180 167 1374 222">
     <span class='ocr_line' id='line_1_2' title="bbox 180 167 1374 222; baseline -0.004 -12"><span class='ocrx_word' id='word_1_4' title='bbox 180 171 242 210; x_wconf 72' lang='lat' dir='ltr'><strong>De</strong></span> <span class='ocrx_word' id='word_1_5' title='bbox 263 175 407 209; x_wconf 88' lang='lat' dir='ltr'><strong>senatu</strong></span> <span class='ocrx_word' id='word_1_6' title='bbox 423 169 653 222; x_wconf 72' lang='lat' dir='ltr'>Cyrenensi</span> <span class='ocrx_word' id='word_1_7' title='bbox 671 168 854 219; x_wconf 66' lang='lat' dir='ltr'><strong>quemuis</strong></span> <span class='ocrx_word' id='word_1_8' title='bbox 872 167 1110 220; x_wconf 69' lang='lat' dir='ltr'><strong>opulentum</strong></span> <span class='ocrx_word' id='word_1_9' title='bbox 1129 167 1374 219; x_wconf 64' lang='lat' dir='ltr'><strong>[arbitrum]7</strong></span> 
     </span>
    </p>

    <p class='ocr_par' dir='ltr' id='par_1_3' title="bbox 181 233 1288 288">
     <span class='ocr_line' id='line_1_3' title="bbox 181 233 1288 288; baseline -0.003 -13"><span class='ocrx_word' id='word_1_10' title='bbox 181 238 225 275; x_wconf 86' lang='lat' dir='ltr'><strong>Si</strong></span> <span class='ocrx_word' id='word_1_11' title='bbox 241 242 329 275; x_wconf 74' lang='lat' dir='ltr'><strong>tuas</strong></span> <span class='ocrx_word' id='word_1_12' title='bbox 347 249 438 276; x_wconf 86' lang='lat' dir='ltr'><strong>esse</strong></span> <span class='ocrx_word' id='word_1_13' title='bbox 455 237 621 288; x_wconf 78' lang='lat' dir='ltr'><strong>opdrtet</strong></span> <span class='ocrx_word' id='word_1_14' title='bbox 635 235 731 272; x_wconf 83' lang='lat' dir='ltr'><strong>niue</strong></span> <span class='ocrx_word' id='word_1_15' title='bbox 747 245 815 271; x_wconf 89' lang='lat' dir='ltr'><strong>eas</strong></span> <span class='ocrx_word' id='word_1_16' title='bbox 833 234 922 274; x_wconf 77' lang='lat' dir='ltr'><strong>esse</strong></span> <span class='ocrx_word' id='word_1_17' title='bbox 940 238 1105 286; x_wconf 86' lang='lat' dir='ltr'><strong>oportet</strong></span> <span class='ocrx_word' id='word_1_18' title='bbox 1119 233 1288 285; x_wconf 84' lang='lat' dir='ltr'><strong>liberas,</strong></span> 
     </span>
    </p>

    <p class='ocr_par' dir='ltr' id='par_1_4' title="bbox 181 299 1448 403">
     <span class='ocr_line' id='line_1_4' title="bbox 181 299 1448 350; baseline -0.004 -9"><span class='ocrx_word' id='word_1_19' title='bbox 181 303 285 342; x_wconf 84' lang='lat' dir='ltr'><strong>Niue</strong></span> <span class='ocrx_word' id='word_1_20' title='bbox 325 303 369 340; x_wconf 90' lang='lat' dir='ltr'><strong>in</strong></span> <span class='ocrx_word' id='word_1_21' title='bbox 407 301 617 340; x_wconf 77' lang='lat' dir='ltr'><strong>carcerem</strong></span> <span class='ocrx_word' id='word_1_22' title='bbox 659 299 850 350; x_wconf 82' lang='lat' dir='ltr'>conpingi</span> <span class='ocrx_word' id='word_1_23' title='bbox 880 302 922 336; x_wconf 87' lang='lat' dir='ltr'><strong>te</strong></span> <span class='ocrx_word' id='word_1_24' title='bbox 953 300 1164 350; x_wconf 88' lang='lat' dir='ltr'><strong>ae&#39;quomst</strong></span> <span class='ocrx_word' id='word_1_25' title='bbox 1193 299 1448 350; x_wconf 76' lang='lat' dir='ltr'><strong>aetatemque</strong></span> 
     </span>
     <span class='ocr_line' id='line_1_5' title="bbox 776 363 1448 403; baseline 0.001 -2"><span class='ocrx_word' id='word_1_26' title='bbox 776 363 849 403; x_wconf 57' lang='lat' dir='ltr'><strong>ibt</strong></span> <span class='ocrx_word' id='word_1_27' title='bbox 1380 367 1448 403; x_wconf 75' lang='lat'><strong>715</strong></span> 
     </span>
    </p>

    <p class='ocr_par' dir='ltr' id='par_1_5' title="bbox 181 428 1398 482">
     <span class='ocr_line' id='line_1_6' title="bbox 181 428 1398 482; baseline -0.002 -12"><span class='ocrx_word' id='word_1_28' title='bbox 181 432 244 470; x_wconf 90' lang='lat' dir='ltr'><strong>Te</strong></span> <span class='ocrx_word' id='word_1_29' title='bbox 262 433 389 482; x_wconf 74' lang='lat' dir='ltr'><strong>iisque</strong></span> <span class='ocrx_word' id='word_1_30' title='bbox 405 431 606 480; x_wconf 81' lang='lat' dir='ltr'><strong>habitare,</strong></span> <span class='ocrx_word' id='word_1_31' title='bbox 625 428 755 467; x_wconf 77' lang='lat' dir='ltr'><strong>donec</strong></span> <span class='ocrx_word' id='word_1_32' title='bbox 771 432 901 467; x_wconf 91' lang='lat' dir='ltr'><strong>totum</strong></span> <span class='ocrx_word' id='word_1_33' title='bbox 917 431 1125 467; x_wconf 77' lang='lat' dir='ltr'><strong>carcerem</strong></span> <span class='ocrx_word' id='word_1_34' title='bbox 1141 429 1398 469; x_wconf 80' lang='lat' dir='ltr'><strong>contm&#39;ueris.</strong></span> 
     </span>
    </p>

    <p class='ocr_par' dir='ltr' id='par_1_6' title="bbox 147 495 1448 599">
     <span class='ocr_line' id='line_1_7' title="bbox 147 495 1448 547; baseline -0.004 -9"><span class='ocrx_word' id='word_1_35' title='bbox 147 497 150 499; x_wconf 45' lang='grc'>“</span> <span class='ocrx_word' id='word_1_36' title='bbox 179 499 262 538; x_wconf 86' lang='lat' dir='ltr'><strong>LA.</strong></span> <span class='ocrx_word' id='word_1_37' title='bbox 293 498 384 537; x_wconf 76' lang='lat' dir='ltr'><strong>Non</strong></span> <span class='ocrx_word' id='word_1_38' title='bbox 407 496 531 536; x_wconf 89' lang='lat' dir='ltr'><strong>hodie</strong></span> <span class='ocrx_word' id='word_1_39' title='bbox 555 497 625 534; x_wconf 90' lang='lat' dir='ltr'><strong>isti</strong></span> <span class='ocrx_word' id='word_1_40' title='bbox 648 496 710 534; x_wconf 89' lang='lat' dir='ltr'><strong>rei</strong></span> <span class='ocrx_word' id='word_1_41' title='bbox 739 496 967 547; x_wconf 78' lang='lat' dir='ltr'><strong>alispicaui‚</strong></span> <span class='ocrx_word' id='word_1_42' title='bbox 999 499 1042 533; x_wconf 92' lang='lat' dir='ltr'><strong>ut</strong></span> <span class='ocrx_word' id='word_1_43' title='bbox 1063 496 1151 533; x_wconf 71' lang='lat' dir='ltr'><strong>clim</strong></span> <span class='ocrx_word' id='word_1_44' title='bbox 1173 495 1371 533; x_wconf 83' lang='lat' dir='ltr'><strong>furcifero</strong></span> <span class='ocrx_word' id='word_1_45' title='bbox 1389 495 1448 533; x_wconf 73' lang='lat' dir='ltr'><strong>fa-</strong></span> 
     </span>
     <span class='ocr_line' id='line_1_8' title="bbox 779 560 911 599; baseline -0.008 0"><span class='ocrx_word' id='word_1_46' title='bbox 779 560 911 599; x_wconf 82' lang='lat' dir='ltr'><strong>buler.</strong></span> 
     </span>
    </p>

    <p class='ocr_par' dir='ltr' id='par_1_7' title="bbox 181 625 1450 742">
     <span class='ocr_line' id='line_1_9' title="bbox 181 625 1450 680; baseline -0.003 -14"><span class='ocrx_word' id='word_1_47' title='bbox 181 628 244 668; x_wconf 79' lang='lat' dir='ltr'><strong>Te</strong></span> <span class='ocrx_word' id='word_1_48' title='bbox 271 640 345 679; x_wconf 88' lang='lat' dir='ltr'><strong>ego</strong></span> <span class='ocrx_word' id='word_1_49' title='bbox 377 626 553 680; x_wconf 90' lang='lat' dir='ltr'><strong>appello.</strong></span> <span class='ocrx_word' id='word_1_50' title='bbox 597 627 697 666; x_wconf 79' lang='lat' dir='ltr'><strong>DAE.</strong></span> <span class='ocrx_word' id='word_1_51' title='bbox 729 627 830 665; x_wconf 90' lang='lat' dir='ltr'><strong>Cum</strong></span> <span class='ocrx_word' id='word_1_52' title='bbox 854 628 958 664; x_wconf 85' lang='lat' dir='ltr'><strong>istoc</strong></span> <span class='ocrx_word' id='word_1_53' title='bbox 986 626 1158 677; x_wconf 80' lang='lat' dir='ltr'><strong>primum</strong></span> <span class='ocrx_word' id='word_1_54' title='bbox 1191 627 1259 676; x_wconf 92' lang='lat' dir='ltr'><strong>qui</strong></span> <span class='ocrx_word' id='word_1_55' title='bbox 1275 629 1317 663; x_wconf 90' lang='lat' dir='ltr'><strong>te</strong></span> <span class='ocrx_word' id='word_1_56' title='bbox 1333 625 1450 663; x_wconf 84' lang='lat' dir='ltr'><strong>nouit</strong></span> 
     </span>
     <span class='ocr_line' id='line_1_10' title="bbox 787 691 960 742; baseline 0 -14"><span class='ocrx_word' id='word_1_57' title='bbox 787 691 960 742; x_wconf 89' lang='lat' dir='ltr'><strong>disputa.</strong></span> 
     </span>
    </p>

    <p class='ocr_par' dir='ltr' id='par_1_8' title="bbox 179 754 1449 860">
     <span class='ocr_line' id='line_1_11' title="bbox 179 754 1449 808; baseline -0.002 -12"><span class='ocrx_word' id='word_1_58' title='bbox 179 758 262 796; x_wconf 77' lang='lat' dir='ltr'><strong>LA,</strong></span> <span class='ocrx_word' id='word_1_59' title='bbox 296 758 451 795; x_wconf 76' lang='lat' dir='ltr'><strong>Tecum</strong></span> <span class='ocrx_word' id='word_1_60' title='bbox 467 770 552 808; x_wconf 88' lang='lat' dir='ltr'><strong>ago.</strong></span> <span class='ocrx_word' id='word_1_61' title='bbox 588 756 673 796; x_wconf 85' lang='lat' dir='ltr'><strong>TR.</strong></span> <span class='ocrx_word' id='word_1_62' title='bbox 701 757 826 807; x_wconf 85' lang='lat' dir='ltr'><strong>Atqui</strong></span> <span class='ocrx_word' id='word_1_63' title='bbox 844 757 1000 793; x_wconf 79' lang='lat' dir='ltr'><strong>mecum</strong></span> <span class='ocrx_word' id='word_1_64' title='bbox 1015 754 1265 806; x_wconf 88' lang='lat' dir='ltr'><strong>agundumst.</strong></span> <span class='ocrx_word' id='word_1_65' title='bbox 1298 755 1449 794; x_wconf 71' lang='lat' dir='ltr'><strong>suntne</strong></span> 
     </span>
     <span class='ocr_line' id='line_1_12' title="bbox 787 819 1208 860; baseline -0.005 -1"><span class='ocrx_word' id='word_1_66' title='bbox 787 820 882 860; x_wconf 89' lang='lat' dir='ltr'><strong>illae</strong></span> <span class='ocrx_word' id='word_1_67' title='bbox 899 820 1068 860; x_wconf 78' lang='lat' dir='ltr'><strong>ancillae</strong></span> <span class='ocrx_word' id='word_1_68' title='bbox 1085 819 1208 858; x_wconf 75' lang='lat' dir='ltr'><strong>tuae?</strong></span> 
     </span>
    </p>

    <p class='ocr_par' dir='ltr' id='par_1_9' title="bbox 177 883 1449 990">
     <span class='ocr_line' id='line_1_13' title="bbox 177 883 1447 937; baseline -0.004 -10"><span class='ocrx_word' id='word_1_69' title='bbox 177 888 262 927; x_wconf 89' lang='lat' dir='ltr'><strong>LA.</strong></span> <span class='ocrx_word' id='word_1_70' title='bbox 297 887 414 927; x_wconf 66' lang='lat' dir='ltr'><strong>Sunt.</strong></span> <span class='ocrx_word' id='word_1_71' title='bbox 461 886 546 925; x_wconf 87' lang='lat' dir='ltr'><strong>TR.</strong></span> <span class='ocrx_word' id='word_1_72' title='bbox 578 885 763 937; x_wconf 84' lang='lat' dir='ltr'><strong>Agedum</strong></span> <span class='ocrx_word' id='word_1_73' title='bbox 790 899 902 937; x_wconf 82' lang='lat' dir='ltr'><strong>ergo,</strong></span> <span class='ocrx_word' id='word_1_74' title='bbox 927 889 1047 936; x_wconf 78' lang='lat' dir='ltr'><strong>tange</strong></span> <span class='ocrx_word' id='word_1_75' title='bbox 1064 885 1258 923; x_wconf 85' lang='lat' dir='ltr'><strong>utramuis</strong></span> <span class='ocrx_word' id='word_1_76' title='bbox 1275 883 1447 936; x_wconf 73' lang='lat' dir='ltr'><strong>digitulo</strong></span> 
     </span>
     <span class='ocr_line' id='line_1_14' title="bbox 789 950 1449 990; baseline -0.002 -1"><span class='ocrx_word' id='word_1_77' title='bbox 789 953 963 990; x_wconf 76' lang='lat' dir='ltr'><strong>minumd</strong></span> <span class='ocrx_word' id='word_1_78' title='bbox 982 950 1112 989; x_wconf 80' lang='lat' dir='ltr'><strong>modo,</strong></span> <span class='ocrx_word' id='word_1_79' title='bbox 1380 954 1449 989; x_wconf 80' lang='lat'><strong>720</strong></span> 
     </span>
    </p>

    <p class='ocr_par' dir='ltr' id='par_1_10' title="bbox 178 1014 1447 1134">
     <span class='ocr_line' id='line_1_15' title="bbox 178 1014 1447 1069; baseline -0.001 -14"><span class='ocrx_word' id='word_1_80' title='bbox 178 1018 265 1057; x_wconf 86' lang='lat' dir='ltr'><strong>LA.</strong></span> <span class='ocrx_word' id='word_1_81' title='bbox 299 1017 427 1068; x_wconf 74' lang='lat' dir='ltr'><strong>Quid,</strong></span> <span class='ocrx_word' id='word_1_82' title='bbox 459 1018 491 1056; x_wconf 93' lang='lat' dir='ltr'><strong>si</strong></span> <span class='ocrx_word' id='word_1_83' title='bbox 517 1017 723 1068; x_wconf 70' lang='lat' dir='ltr'><strong>attigero?</strong></span> <span class='ocrx_word' id='word_1_84' title='bbox 772 1017 857 1056; x_wconf 90' lang='lat' dir='ltr'><strong>TR.</strong></span> <span class='ocrx_word' id='word_1_85' title='bbox 895 1015 1110 1069; x_wconf 75' lang='lat' dir='ltr'><strong>Extemplo</strong></span> <span class='ocrx_word' id='word_1_86' title='bbox 1136 1014 1278 1055; x_wconf 86' lang='lat' dir='ltr'><strong>hercle</strong></span> <span class='ocrx_word' id='word_1_87' title='bbox 1304 1028 1378 1067; x_wconf 85' lang='lat' dir='ltr'><strong>ego</strong></span> <span class='ocrx_word' id='word_1_88' title='bbox 1404 1020 1447 1054; x_wconf 89' lang='lat' dir='ltr'><strong>te</strong></span> 
     </span>
     <span class='ocr_line' id='line_1_16' title="bbox 787 1082 1231 1134; baseline -0.005 -12"><span class='ocrx_word' id='word_1_89' title='bbox 787 1082 930 1122; x_wconf 71' lang='lat' dir='ltr'><strong>follem</strong></span> <span class='ocrx_word' id='word_1_90' title='bbox 946 1083 1231 1134; x_wconf 75' lang='lat' dir='ltr'><strong>pugilatorium</strong></span> 
     </span>
    </p>

    <p class='ocr_par' dir='ltr' id='par_1_11' title="bbox 176 1147 1446 1200">
     <span class='ocr_line' id='line_1_17' title="bbox 176 1147 1446 1200; baseline -0.001 -12"><span class='ocrx_word' id='word_1_91' title='bbox 176 1148 340 1188; x_wconf 73' lang='lat' dir='ltr'><strong>Faciam</strong></span> <span class='ocrx_word' id='word_1_92' title='bbox 372 1153 413 1186; x_wconf 90' lang='lat' dir='ltr'><strong>et</strong></span> <span class='ocrx_word' id='word_1_93' title='bbox 438 1147 688 1200; x_wconf 86' lang='lat' dir='ltr'><strong>pendentem</strong></span> <span class='ocrx_word' id='word_1_94' title='bbox 712 1149 927 1186; x_wconf 80' lang='lat' dir='ltr'><strong>incursabo</strong></span> <span class='ocrx_word' id='word_1_95' title='bbox 952 1148 1111 1199; x_wconf 68' lang='lat' dir='ltr'><strong>pugnis,</strong></span> <span class='ocrx_word' id='word_1_96' title='bbox 1141 1148 1446 1198; x_wconf 84' lang='lat' dir='ltr'><strong>periurissume.</strong></span> 
     </span>
    </p>

    <p class='ocr_par' dir='ltr' id='par_1_12' title="bbox 178 1211 1446 1316">
     <span class='ocr_line' id='line_1_18' title="bbox 178 1211 1446 1253; baseline 0 -2"><span class='ocrx_word' id='word_1_97' title='bbox 178 1213 261 1253; x_wconf 81' lang='lat' dir='ltr'><strong>LA.</strong></span> <span class='ocrx_word' id='word_1_98' title='bbox 295 1214 399 1251; x_wconf 88' lang='lat' dir='ltr'><strong>Mihi</strong></span> <span class='ocrx_word' id='word_1_99' title='bbox 430 1226 511 1251; x_wconf 90' lang='lat' dir='ltr'><strong>non</strong></span> <span class='ocrx_word' id='word_1_100' title='bbox 538 1211 665 1251; x_wconf 87' lang='lat' dir='ltr'><strong>liceat</strong></span> <span class='ocrx_word' id='word_1_101' title='bbox 686 1212 796 1252; x_wconf 73' lang='lat' dir='ltr'><strong>meas</strong></span> <span class='ocrx_word' id='word_1_102' title='bbox 821 1213 985 1251; x_wconf 68' lang='lat' dir='ltr'><strong>ancillas</strong></span> <span class='ocrx_word' id='word_1_103' title='bbox 1010 1213 1185 1252; x_wconf 81' lang='lat' dir='ltr'><strong>Veneris</strong></span> <span class='ocrx_word' id='word_1_104' title='bbox 1212 1212 1263 1251; x_wconf 92' lang='lat' dir='ltr'><strong>de</strong></span> <span class='ocrx_word' id='word_1_105' title='bbox 1289 1227 1356 1251; x_wconf 91' lang='lat' dir='ltr'><strong>ara</strong></span> <span class='ocrx_word' id='word_1_106' title='bbox 1377 1214 1446 1251; x_wconf 88' lang='lat' dir='ltr'><strong>ab-</strong></span> 
     </span>
     <span class='ocr_line' id='line_1_19' title="bbox 789 1277 971 1316; baseline 0.005 -1"><span class='ocrx_word' id='word_1_107' title='bbox 789 1277 971 1316; x_wconf 69' lang='lat' dir='ltr'><strong>ducere?</strong></span> 
     </span>
    </p>

    <p class='ocr_par' dir='ltr' id='par_1_13' title="bbox 181 1341 1440 1458">
     <span class='ocr_line' id='line_1_20' title="bbox 181 1341 1440 1395; baseline 0.001 -14"><span class='ocrx_word' id='word_1_108' title='bbox 181 1343 281 1381; x_wconf 77' lang='lat' dir='ltr'><strong>DAE.</strong></span> <span class='ocrx_word' id='word_1_109' title='bbox 314 1344 403 1381; x_wconf 77' lang='lat' dir='ltr'><strong>Non</strong></span> <span class='ocrx_word' id='word_1_110' title='bbox 426 1343 546 1381; x_wconf 88' lang='lat' dir='ltr'><strong>licet:</strong></span> <span class='ocrx_word' id='word_1_111' title='bbox 577 1344 675 1380; x_wconf 85' lang='lat' dir='ltr'><strong>itast</strong></span> <span class='ocrx_word' id='word_1_112' title='bbox 695 1341 764 1380; x_wconf 78' lang='lat' dir='ltr'><strong>lex</strong></span> <span class='ocrx_word' id='word_1_113' title='bbox 786 1349 882 1395; x_wconf 87' lang='lat' dir='ltr'><strong>aput</strong></span> <span class='ocrx_word' id='word_1_114' title='bbox 900 1356 985 1382; x_wconf 86' lang='lat' dir='ltr'><strong>nos.</strong></span> <span class='ocrx_word' id='word_1_115' title='bbox 1030 1343 1112 1382; x_wconf 93' lang='lat' dir='ltr'><strong>LA.</strong></span> <span class='ocrx_word' id='word_1_116' title='bbox 1145 1344 1246 1382; x_wconf 87' lang='lat' dir='ltr'><strong>Mihi</strong></span> <span class='ocrx_word' id='word_1_117' title='bbox 1271 1357 1358 1381; x_wconf 91' lang='lat' dir='ltr'><strong>cum</strong></span> <span class='ocrx_word' id='word_1_118' title='bbox 1374 1356 1440 1382; x_wconf 88' lang='lat' dir='ltr'><strong>uo-</strong></span> 
     </span>
     <span class='ocr_line' id='line_1_21' title="bbox 781 1407 1051 1458; baseline 0.004 -13"><span class='ocrx_word' id='word_1_119' title='bbox 781 1409 876 1445; x_wconf 81' lang='lat' dir='ltr'><strong>stris</strong></span> <span class='ocrx_word' id='word_1_120' title='bbox 893 1407 1051 1458; x_wconf 79' lang='lat' dir='ltr'><strong>legibus</strong></span> 
     </span>
    </p>

    <p class='ocr_par' dir='ltr' id='par_1_14' title="bbox 181 1471 1445 1576">
     <span class='ocr_line' id='line_1_22' title="bbox 181 1471 1445 1524; baseline 0.001 -15"><span class='ocrx_word' id='word_1_121' title='bbox 181 1472 308 1522; x_wconf 79' lang='lat' dir='ltr'><strong>[Nihil</strong></span> <span class='ocrx_word' id='word_1_122' title='bbox 334 1473 412 1524; x_wconf 88' lang='lat' dir='ltr'><strong>est]</strong></span> <span class='ocrx_word' id='word_1_123' title='bbox 443 1473 667 1511; x_wconf 87' lang='lat' dir='ltr'><strong>conmerci:</strong></span> <span class='ocrx_word' id='word_1_124' title='bbox 699 1471 889 1523; x_wconf 75' lang='lat' dir='ltr'><strong>equidem</strong></span> <span class='ocrx_word' id='word_1_125' title='bbox 919 1473 996 1509; x_wconf 85' lang='lat' dir='ltr'><strong>iam</strong></span> <span class='ocrx_word' id='word_1_126' title='bbox 1013 1474 1110 1510; x_wconf 85' lang='lat' dir='ltr'><strong>istas</strong></span> <span class='ocrx_word' id='word_1_127' title='bbox 1128 1474 1261 1511; x_wconf 76' lang='lat' dir='ltr'><strong>ambas</strong></span> <span class='ocrx_word' id='word_1_128' title='bbox 1279 1471 1445 1510; x_wconf 68' lang='lat' dir='ltr'><strong>educam</strong></span> 
     </span>
     <span class='ocr_line' id='line_1_23' title="bbox 782 1536 1445 1576; baseline 0.003 -2"><span class='ocrx_word' id='word_1_129' title='bbox 782 1536 905 1576; x_wconf 86' lang='lat' dir='ltr'><strong>foras.</strong></span> <span class='ocrx_word' id='word_1_130' title='bbox 1379 1542 1445 1576; x_wconf 81' lang='lat'><strong>725</strong></span> 
     </span>
    </p>

    <p class='ocr_par' dir='ltr' id='par_1_15' title="bbox 179 1601 1278 1654">
     <span class='ocr_line' id='line_1_24' title="bbox 179 1601 1278 1654; baseline -0.003 -12"><span class='ocrx_word' id='word_1_131' title='bbox 179 1604 245 1642; x_wconf 83' lang='grc' dir='ltr'><strong>Τιί</strong></span> <span class='ocrx_word' id='word_1_132' title='bbox 267 1616 391 1642; x_wconf 83' lang='lat' dir='ltr'><strong>senex</strong></span> <span class='ocrx_word' id='word_1_133' title='bbox 407 1604 441 1641; x_wconf 88' lang='lat' dir='ltr'><strong>si</strong></span> <span class='ocrx_word' id='word_1_134' title='bbox 458 1604 556 1641; x_wconf 75' lang='lat' dir='ltr'><strong>istas</strong></span> <span class='ocrx_word' id='word_1_135' title='bbox 573 1615 693 1651; x_wconf 78' lang='lat' dir='ltr'><strong>amas,</strong></span> <span class='ocrx_word' id='word_1_136' title='bbox 714 1603 792 1639; x_wconf 86' lang='lat' dir='ltr'><strong>huc</strong></span> <span class='ocrx_word' id='word_1_137' title='bbox 810 1601 922 1639; x_wconf 78' lang='lat' dir='ltr'><strong>arido</strong></span> <span class='ocrx_word' id='word_1_138' title='bbox 941 1603 1150 1652; x_wconf 72' lang='lat' dir='ltr'><strong>argentost</strong></span> <span class='ocrx_word' id='word_1_139' title='bbox 1167 1615 1278 1654; x_wconf 87' lang='lat' dir='ltr'><strong>opus.</strong></span> 
     </span>
    </p>

    <p class='ocr_par' dir='ltr' id='par_1_16' title="bbox 177 1666 1444 1782">
     <span class='ocr_line' id='line_1_25' title="bbox 177 1666 1444 1718; baseline -0.001 -11"><span class='ocrx_word' id='word_1_140' title='bbox 177 1669 278 1709; x_wconf 67' lang='lat' dir='ltr'><strong>DE.</strong></span> <span class='ocrx_word' id='word_1_141' title='bbox 310 1669 466 1706; x_wconf 78' lang='lat' dir='ltr'><strong>Veneri</strong></span> <span class='ocrx_word' id='word_1_142' title='bbox 489 1668 590 1705; x_wconf 89' lang='lat' dir='ltr'><strong>haec</strong></span> <span class='ocrx_word' id='word_1_143' title='bbox 615 1672 748 1704; x_wconf 68' lang='lat' dir='ltr'><strong>autom</strong></span> <span class='ocrx_word' id='word_1_144' title='bbox 777 1666 1109 1718; x_wconf 80' lang='lat' dir='ltr'><strong>cdnplacuerunt.</strong></span> <span class='ocrx_word' id='word_1_145' title='bbox 1155 1667 1238 1708; x_wconf 91' lang='lat' dir='ltr'><strong>LA.</strong></span> <span class='ocrx_word' id='word_1_146' title='bbox 1270 1669 1444 1718; x_wconf 72' lang='lat' dir='ltr'><strong>Habeat,</strong></span> 
     </span>
     <span class='ocr_line' id='line_1_26' title="bbox 780 1731 1185 1782; baseline -0.002 -13"><span class='ocrx_word' id='word_1_147' title='bbox 780 1732 813 1769; x_wconf 86' lang='lat' dir='ltr'><strong>si</strong></span> <span class='ocrx_word' id='word_1_148' title='bbox 830 1733 1041 1782; x_wconf 66' lang='lat' dir='ltr'><strong>argentum</strong></span> <span class='ocrx_word' id='word_1_149' title='bbox 1061 1731 1185 1770; x_wconf 84' lang='lat' dir='ltr'><strong>dabit.</strong></span> 
     </span>
    </p>

    <p class='ocr_par' dir='ltr' id='par_1_17' title="bbox 176 1796 1444 1912">
     <span class='ocr_line' id='line_1_27' title="bbox 176 1796 1444 1847; baseline 0 -12"><span class='ocrx_word' id='word_1_150' title='bbox 176 1798 277 1838; x_wconf 68' lang='grc' dir='ltr'><strong>ΒΕ.</strong></span> <span class='ocrx_word' id='word_1_151' title='bbox 309 1799 391 1836; x_wconf 88' lang='lat' dir='ltr'><strong>De&#39;a</strong></span> <span class='ocrx_word' id='word_1_152' title='bbox 418 1798 491 1835; x_wconf 87' lang='lat' dir='ltr'><strong>tibi</strong></span> <span class='ocrx_word' id='word_1_153' title='bbox 515 1797 756 1847; x_wconf 67' lang='lat' dir='ltr'><strong>argentum?</strong></span> <span class='ocrx_word' id='word_1_154' title='bbox 786 1809 893 1834; x_wconf 90' lang='lat' dir='ltr'><strong>nunc</strong></span> <span class='ocrx_word' id='word_1_155' title='bbox 911 1796 1012 1835; x_wconf 88' lang='lat' dir='ltr'><strong>adeo</strong></span> <span class='ocrx_word' id='word_1_156' title='bbox 1031 1802 1074 1835; x_wconf 88' lang='lat' dir='ltr'><strong>ut</strong></span> <span class='ocrx_word' id='word_1_157' title='bbox 1091 1798 1193 1835; x_wconf 85' lang='lat' dir='ltr'><strong>scias</strong></span> <span class='ocrx_word' id='word_1_158' title='bbox 1209 1809 1338 1836; x_wconf 89' lang='lat' dir='ltr'><strong>meam</strong></span> <span class='ocrx_word' id='word_1_159' title='bbox 1352 1810 1444 1836; x_wconf 87' lang='lat' dir='ltr'><strong>sen-</strong></span> 
     </span>
     <span class='ocr_line' id='line_1_28' title="bbox 774 1863 957 1912; baseline 0.011 -13"><span class='ocrx_word' id='word_1_160' title='bbox 774 1863 957 1912; x_wconf 76' lang='lat' dir='ltr'><strong>tentiam,</strong></span> 
     </span>
    </p>

    <p class='ocr_par' dir='ltr' id='par_1_18' title="bbox 176 1918 1342 1981">
     <span class='ocr_line' id='line_1_29' title="bbox 176 1918 1342 1981; baseline -0.003 -13"><span class='ocrx_word' id='word_1_161' title='bbox 176 1918 376 1981; x_wconf 73' lang='lat' dir='ltr'><strong>Occupito</strong></span> <span class='ocrx_word' id='word_1_162' title='bbox 393 1928 512 1967; x_wconf 91' lang='lat' dir='ltr'><strong>modo</strong></span> <span class='ocrx_word' id='word_1_163' title='bbox 530 1926 614 1966; x_wconf 90' lang='lat' dir='ltr'><strong>illis</strong></span> <span class='ocrx_word' id='word_1_164' title='bbox 632 1927 796 1965; x_wconf 86' lang='lat' dir='ltr'><strong>adferre</strong></span> <span class='ocrx_word' id='word_1_165' title='bbox 816 1929 894 1965; x_wconf 92' lang='lat' dir='ltr'><strong>uim</strong></span> <span class='ocrx_word' id='word_1_166' title='bbox 910 1926 1044 1965; x_wconf 90' lang='lat' dir='ltr'><strong>ioculo</strong></span> <span class='ocrx_word' id='word_1_167' title='bbox 1060 1926 1342 1980; x_wconf 81' lang='lat' dir='ltr'><strong>pauxillulam:</strong></span> 
     </span>
    </p>

    <p class='ocr_par' dir='ltr' id='par_1_19' title="bbox 174 1984 1444 2097">
     <span class='ocr_line' id='line_1_30' title="bbox 174 1984 1442 2044; baseline -0.002 -12"><span class='ocrx_word' id='word_1_168' title='bbox 174 1984 235 2032; x_wconf 80' lang='lat' dir='ltr'><strong>lta</strong></span> <span class='ocrx_word' id='word_1_169' title='bbox 261 2006 336 2044; x_wconf 88' lang='lat' dir='ltr'><strong>ego</strong></span> <span class='ocrx_word' id='word_1_170' title='bbox 361 1997 403 2031; x_wconf 91' lang='lat' dir='ltr'><strong>te</strong></span> <span class='ocrx_word' id='word_1_171' title='bbox 427 1993 522 2031; x_wconf 88' lang='lat' dir='ltr'><strong>hinc</strong></span> <span class='ocrx_word' id='word_1_172' title='bbox 547 1994 732 2031; x_wconf 74' lang='lat' dir='ltr'><strong>ornatum</strong></span> <span class='ocrx_word' id='word_1_173' title='bbox 749 1992 941 2042; x_wconf 78' lang='lat' dir='ltr'><strong>amittam,</strong></span> <span class='ocrx_word' id='word_1_174' title='bbox 967 1997 1011 2030; x_wconf 88' lang='lat' dir='ltr'><strong>tu</strong></span> <span class='ocrx_word' id='word_1_175' title='bbox 1028 1995 1138 2044; x_wconf 88' lang='lat' dir='ltr'><strong>ipsus</strong></span> <span class='ocrx_word' id='word_1_176' title='bbox 1155 1997 1196 2031; x_wconf 91' lang='lat' dir='ltr'><strong>te</strong></span> <span class='ocrx_word' id='word_1_177' title='bbox 1213 1996 1257 2030; x_wconf 87' lang='lat' dir='ltr'><strong>ut</strong></span> <span class='ocrx_word' id='word_1_178' title='bbox 1272 2005 1353 2030; x_wconf 92' lang='lat' dir='ltr'><strong>non</strong></span> <span class='ocrx_word' id='word_1_179' title='bbox 1368 1993 1442 2030; x_wconf 76' lang='lat' dir='ltr'><strong>nd-</strong></span> 
     </span>
     <span class='ocr_line' id='line_1_31' title="bbox 781 2058 1444 2097; baseline 0 -3"><span class='ocrx_word' id='word_1_180' title='bbox 781 2058 904 2095; x_wconf 88' lang='lat' dir='ltr'><strong>ueris.</strong></span> <span class='ocrx_word' id='word_1_181' title='bbox 1374 2059 1444 2097; x_wconf 84' lang='lat'><strong>⁷30</strong></span> 
     </span>
    </p>

    <p class='ocr_par' dir='ltr' id='par_1_20' title="bbox 174 2121 1443 2237">
     <span class='ocr_line' id='line_1_32' title="bbox 174 2121 1443 2175; baseline -0.003 -13"><span class='ocrx_word' id='word_1_182' title='bbox 174 2123 258 2163; x_wconf 63' lang='lat' dir='ltr'><strong>Vos</strong></span> <span class='ocrx_word' id='word_1_183' title='bbox 291 2121 407 2173; x_wconf 74' lang='lat' dir='ltr'><strong>adeo,</strong></span> <span class='ocrx_word' id='word_1_184' title='bbox 441 2123 506 2161; x_wconf 90' lang='lat' dir='ltr'><strong>ubi</strong></span> <span class='ocrx_word' id='word_1_185' title='bbox 538 2135 612 2173; x_wconf 87' lang='lat' dir='ltr'><strong>ego</strong></span> <span class='ocrx_word' id='word_1_186' title='bbox 643 2122 816 2160; x_wconf 67' lang='lat' dir='ltr'><strong>innuero</strong></span> <span class='ocrx_word' id='word_1_187' title='bbox 847 2123 985 2172; x_wconf 77' lang='lat' dir='ltr'><strong>uobis,</strong></span> <span class='ocrx_word' id='word_1_188' title='bbox 1020 2123 1060 2160; x_wconf 91' lang='lat' dir='ltr'><strong>ni</strong></span> <span class='ocrx_word' id='word_1_189' title='bbox 1093 2121 1130 2162; x_wconf 70' lang='lat' dir='ltr'><strong>ei</strong></span> <span class='ocrx_word' id='word_1_190' title='bbox 1159 2125 1279 2175; x_wconf 89' lang='lat' dir='ltr'><strong>caput</strong></span> <span class='ocrx_word' id='word_1_191' title='bbox 1294 2133 1443 2160; x_wconf 83' lang='lat' dir='ltr'><strong>exocu-</strong></span> 
     </span>
     <span class='ocr_line' id='line_1_33' title="bbox 779 2186 943 2237; baseline 0 -13"><span class='ocrx_word' id='word_1_192' title='bbox 779 2186 943 2237; x_wconf 77' lang='lat' dir='ltr'><strong>lassitis‚</strong></span> 
     </span>
    </p>
   </div>
  </div>
 </body>
</html>
