1511 2502
517 129 573 160 AD
601 127 707 160 ΓΒΗ).
734 126 1027 160 RITSCHELIVM.
1292 124 1421 159 XXVII

138 242 174 268 et
199 236 329 278 Proleg.
345 235 432 268 Trin.
460 243 588 277 p.cxm
611 240 640 265 et
663 233 843 275 cccxxv):
870 232 982 264 malim
996 232 1096 274 igitur
1117 215 1181 266 Ᾰᾶ
1199 239 1289 265 cum
1307 228 1410 278 iboz]

140 299 164 324 a
193 290 261 325 tua
291 286 388 324 mihi
418 285 540 335 [esse]
569 295 707 323 uxore.
728 306 785 313 —-
812 288 852 319 V.
869 285 936 320 807
960 287 1106 328 paenitet.
1133 298 1184 318 me
1198 288 1238 318 V.
1257 286 1410 328 C.scrip-

140 351 248 377 turam
287 342 415 390 Quem
445 339 679 378 ndminem‘?
716 343 904 385 sprevisse,
944 342 1021 373 item
1063 352 1092 373 v.
1125 340 1212 374 1322
1251 342 1284 373 id
1321 341 1411 382 qnod

141 401 182 431 ab
209 411 272 432 uno
300 400 406 433 Nonio
433 406 600 432 servatum
625 404 674 431 est
705 393 908 445 quemuis:
947 396 1082 428 Plautus
1111 398 1198 429 enim
1224 401 1411 428 constanter

183 453 211 483 is
241 452 348 483 forma
385 457 415 482 et
448 451 489 483 de
520 451 666 482 maribus
703 457 734 480 et
759 449 800 480 de
829 448 959 480 feminis
986 458 1066 479 usus
1093 458 1167 480 esse
1193 449 1338 484 videtur,
1365 448 1408 478 cf.

141 496 206 528 Mil.
234 494 301 529 925
339 493 404 529 967
447 495 547 527 Stich.
580 493 645 528 237
683 501 714 527 et
751 495 831 526 alibi
864 494 935 536 quis
965 492 1072 533 (unde
1096 504 1161 525 non
1189 494 1303 525 dubito
1330 494 1409 533 quin

138 541 258 574 Bacch.
274 540 342 575 473
367 552 426 584 pro
453 552 535 583 quae
561 542 718 573 uocatur?
744 540 977 582 corrigendum
1003 540 1045 570 sit
1070 541 1142 581 quis
1166 540 1327 571 uocatur?
1356 539 1407 570 cll.

139 587 205 619 Mil.
226 587 330 628 436),
370 587 457 618 Rud.
480 586 568 620 1146
596 587 674 619 Cist.
700 587 725 617 11
749 585 769 617 3
795 584 839 619 66
866 585 1029 627 quisquis,
1066 584 1146 617 Cist.
1168 585 1179 616 1
1210 585 1223 617 1
1252 583 1296 618 68
1321 586 1408 626 quis-

137 644 257 675 quam,
297 633 362 664 Mil.
395 631 483 666 1060
523 633 606 664 Rud.
637 630 704 665 406
741 641 951 673 quemquam,
999 631 1085 662 Rud.
1112 629 1180 663 813
1217 632 1406 673 quempiam,

139 679 256 710 Pseud.
282 680 293 710 1
318 678 338 709 2
363 678 407 711 52
433 689 585 720 quemque
610 677 685 719 (nbi
712 678 812 709 verba
837 677 886 708 sio
914 686 988 707 esse
1012 677 1261 718 transponenda
1287 686 1406 708 censeo

138 729 172 755 ut
207 735 265 756 suo
303 735 455 766 quemque
491 725 651 764 appellem
686 722 848 759 nomine):
887 722 965 753 add.
1006 721 1089 754 Non.
1126 732 1160 764 p.
1190 720 1253 755 197
1291 733 1341 763 sq.
1377 730 1407 753 et

140 769 384 802 Rvnuxssmvm
417 770 459 801 ad
494 770 658 800 Rritinian.
687 778 721 810 p.
738 766 818 801 268.
841 784 889 794 -—·
921 768 958 798 V.
976 765 1042 800 985
1067 769 1179 800 nescio
1206 779 1271 808 qno
1298 778 1406 800 errore

139 815 261 847 factum
287 816 329 846 sit
353 821 388 846 ut
415 816 680 847 emendationem
703 815 852 854 aperitur
871 814 959 854 foris
984 823 1107 845 'mcum
1136 814 1212 845 olim
1238 821 1405 855 tamqnam

138 871 247 892 meum
273 862 443 893 inventum
469 862 745 892 communicarem
772 859 832 901 (cf.
856 859 962 901 praef.
986 859 1104 890 Bacch.
1134 870 1165 901 p.
1180 860 1276 898 xm).
1306 868 1405 900 qnam

138 916 202 937 uon
239 906 346 938 solum
383 906 535 938 Boanvs
574 907 748 947 occupavit
785 905 845 936 sed
885 910 960 936 ante
990 904 1079 936 huno
1110 906 1209 936 etiam
1232 906 1403 938 {lssrzrvsz

138 951 226 982 idem
264 963 291 982 r.
319 949 387 984 998
421 953 531 983 nescio
559 961 599 982 nn
625 961 701 982 vere
728 951 775 981 sic
802 950 990 981 emendavit
1016 949 1107 989 Quae'
1133 956 1222 982 amat
1243 952 1327 982 hune
1350 951 1402 982 lw-

134 998 245 1027 ηιῐηέηι
281 998 371 1028 nimis
400 998 538 1037 lepidum
569 1007 631 1028 -ε
667 1003 736 1027 tum
768 997 807 1027 ab
843 995 961 1027 eodem
997 998 1126 1036 sumpsi
1152 998 1243 1037 qnod
1267 1008 1297 1028 v.
1320 996 1404 1029 1005

136 1043 254 1083 scripsi
279 1043 408 1078 uidisti,
436 1042 499 1073 hoc
526 1043 612 1073 enim
638 1052 703 1072 non
727 1041 836 1072 solum
858 1051 876 1072 a
896 1041 1056 1072 librorum
1073 1048 1227 1084 corrupta
1240 1042 1404 1084 scriptura

135 1089 198 1119 tuis
225 1088 360 1129 propius
385 1089 478 1118 abest
503 1088 563 1118 sed
588 1086 686 1118 etiam
706 1087 887 1117 sententiae
909 1087 1019 1128 magis
1034 1089 1185 1118 convenit
1201 1098 1298 1128 quam
1313 1089 1404 1129 quod

134 1141 182 1163 'rv
207 1133 349 1174 posuisti
374 1133 506 1164 uideas:
533 1143 562 1163 v.
582 1131 670 1165 1008
690 1132 835 1172 priorem
853 1136 982 1173 partem
1005 1132 1147 1164 Rfflzxvs
1172 1134 1401 1165 eodemmodo

133 1183 382 1219 transposuerat
418 1188 457 1210 ac
491 1187 554 1209 Tv:
596 1188 627 1209 v.
660 1175 747 1210 1088
784 1177 873 1209 idem
909 1183 985 1209 ante
1020 1177 1181 1210 Bormvn
1225 1180 1401 1221 scripserat

135 1224 258 1254 audin?
284 1234 341 1265 pro
370 1225 470 1255 audin
496 1224 550 1255 eu?
578 1234 607 1255 v.
627 1222 716 1256 1124
736 1223 836 1263 foras
851 1233 912 1265 pro
935 1224 1034 1265 foris,
1060 1235 1091 1254 v.
1109 1223 1194 1258 1127
1211 1231 1401 1257 ornamenta

134 1279 217 1310 quae
252 1270 300 1301 illi
324 1279 382 1310 pro
410 1273 662 1311 ornamentaque
689 1279 773 1310 quae
798 1270 863 1305 illi,
895 1265 1032 1301 v.1217
1058 1271 1185 1302 sentiat*
1203 1271 1317 1303 uidere
1342 1281 1399 1312 pro

133 1315 248 1346 uidere
281 1316 416 1353 sentiat,
456 1326 486 1346 v.
515 1313 602 1346 1252
636 1315 780 1356 iynoseet
810 1315 914 1346 animo
951 1325 1009 1356 pro
1044 1317 1148 1348 animo
1176 1318 1328 1358 ignoscet.
1356 1334 1400 1339 —-

138 1363 174 1396 V.
199 1362 286 1398 1176
321 1366 556 1407 transpositum
593 1365 689 1396 velim
719 1362 799 1399 erit
827 1361 926 1399 hoc:
966 1366 1083 1397 eodem
1119 1378 1215 1399 versu
1251 1369 1399 1401 Rssrzrvn

134 1416 316 1448 correxisse
342 1420 376 1447 ut
400 1417 486 1448 intro
511 1416 600 1456 quod
625 1416 736 1457 recepi
759 1415 842 1457 (nisi
868 1416 958 1457 quod
982 1416 1037 1448 ille
1060 1419 1145 1450 intro
1172 1425 1206 1451 nt
1223 1420 1399 1461 posuerat)

134 1471 191 1503 pro
227 1462 383 1493 librorum
415 1461 470 1493 nbi
500 1462 585 1492 intro
612 1470 658 1491 Tv
684 1463 750 1492 iam
782 1462 813 1493 in
840 1461 1046 1504 praefatione
1071 1463 1174 1496 Stichi
1200 1476 1232 1507 p.
1251 1475 1308 1498 xrx
1336 1472 1399 1496 ret-

132 1507 246 1538 tulisti.
273 1525 318 1530 —
348 1507 386 1537 V.
406 1506 492 1540 1203
514 1507 601 1538 idem
623 1508 826 1549 transposuit
842 1507 926 1548 fecit
942 1508 1060 1546 uerba,
1089 1515 1123 1542 nt
1136 1512 1240 1542 lenta:
1266 1522 1296 1543 v.
1312 1510 1397 1544 1221

131 1557 180 1588 sic
205 1558 373 1588 constituit
405 1551 569 1590 Placide
598 1555 705 1603 ipsa,
741 1552 835 1591 dum
863 1551 1077 1592 lubitr'unst
1105 1557 1224 1607 mihi,
1253 1558 1396 1604 otiose,

131 1619 220 1645 meo
259 1608 456 1646 arbitrzitu
486 1612 576 1653 qnod
608 1613 726 1644 vellem
761 1615 832 1655 ipse
871 1615 1087 1656 recepissem,
1125 1627 1199 1648 cnm
1232 1619 1333 1649 verba
1366 1624 1399 1649 ul,

131 1663 218 1693 uolui
242 1663 282 1694 ab
307 1663 484 1705 interprete
508 1663 652 1704 ascripta
679 1673 754 1695 esse
781 1664 849 1695 reri
875 1664 916 1695 sit
942 1664 1160 1698 simillimum.
1181 1686 1225 1692 —
1252 1669 1291 1699 V.
1314 1668 1397 1701 1222

131 1732 217 1753 nunc
247 1722 394 1754 intellexi
424 1723 635 1754 scribendum
663 1734 737 1756 esse
775 1720 868 1771 quiz).
907 1724 948 1758 te
989 1721 1089 1760 Adiit
1126 1734 1156 1760 et
1181 1728 1315 1763 v.1356
1344 1716 1397 1764 Et

131 1772 164 1809 Sl
192 1772 249 1809 ita
277 1773 481 1811 sente'ntla
510 1778 642 1823 esset,
674 1780 730 1819 qui
754 1779 866 1811 hiatus
893 1781 1002 1812 eidem
1028 1788 1216 1824 sumatque
1230 1785 1284 1816 ille
1298 1796 1395 1825 quem

131 1836 231 1868 supra
256 1827 298 1858 ad
323 1827 442 1869 Amph.
460 1826 525 1860 736
552 1838 603 1859 me
629 1829 708 1860 alibi
729 1830 945 1862 defensurum
968 1842 1042 1864 esse
1061 1833 1235 1874 professus
1250 1845 1334 1867 sum.
1351 1855 1396 1860 —

131 1871 279 1912 Denique
316 1871 457 1906 v.1389
498 1875 700 1905 concinnitas
731 1885 943 1908 numerorum
976 1888 1074 1918 quam
1112 1888 1158 1910 TV
1196 1880 1227 1911 in
1264 1881 1391 1924 proleg.

129 1917 216 1948 Trin.
242 1927 274 1958 p.
292 1927 359 1949 ccx
384 1925 414 1949 et
447 1928 626 1951 cccxxvut
654 1920 737 1951 duce
763 1920 943 1954 BEN-nmo
972 1925 1249 1957 commendavisti
1276 1916 1393 1959 suadet

131 1974 165 1997 nt
190 1972 422 2008 transponatur
451 1976 575 2003 senex
605 1969 685 2003 stat
715 1967 754 2003 in
785 1971 901 2005 statu.

222 2046 457 2079 Rudentis
496 2059 591 2080 versu
627 2048 690 2083 194
722 2052 812 2091 quod
845 2053 943 2093 posui
978 2054 1103 2094 insz'yne
1141 2065 1198 2096 pro
1235 2055 1390 2087 librorum

130 2099 275 2122 monstro
300 2092 362 2123 sibi
386 2094 452 2133 {qni
477 2094 579 2126 debeo
607 2094 744 2128 Owrom
769 2107 860 2134 meo,
894 2108 994 2138 quam
1021 2100 1243 2131 coniecturam
1270 2102 1392 2133 reicere

129 2137 248 2177 poterit
269 2137 324 2177 qui
345 2138 511 2170 meliorem
530 2141 753 2179 substituerit,
780 2143 820 2174 ab
835 2143 1020 2184 eodemque
1034 2146 1163 2187 sumpsi
1177 2147 1267 2186 quod
1280 2157 1311 2178 v.
1325 2146 1392 2180 456

131 2181 206 2212 dedi
232 2183 336 2214 scelus
360 2182 420 2214 huc
445 2194 502 2225 pro
529 2185 685 2217 librorum
709 2186 770 2218 huc
795 2189 968 2222 scelestus.
996 2191 1047 2221 eni
1075 2191 1262 2231 praeclarae
1280 2203 1391 2224 emen-

133 2225 256 2258 dationi
289 2227 383 2259 facile
415 2228 498 2261 hanc
530 2231 645 2263 cedere
677 2233 759 2263 iussi
783 2243 882 2273 quam
908 2235 982 2276 ipse
1007 2236 1106 2276 paulo
1133 2237 1309 2268 audentius
1335 2249 1390 2269 ex-

131 2271 354 2312 cogitaveram
367 2278 400 2305 ut
412 2276 634 2317 confugiamus
646 2280 818 2319 ducequam
841 2275 860 2323 Η
880 2278 1046 2312 Scelesta-s·
1059 2282 1129 2313 leno
1141 2281 1202 2313 lzue
1214 2284 1325 2314 ue'nz'at
1333 2302 1391 2320 -,
