1511 2502
156 122 238 164 114
478 118 694 160 PLAVTI
724 118 1093 159 BAccmDEs.
1182 132 1213 163 v
1236 131 1258 164 2
1283 130 1419 166 w--93

154 234 220 274 Nl.
253 231 359 284 Quid
376 233 480 285 agd‘?
509 232 594 270 PH.
620 230 726 282 Quid
742 243 834 282 agas
849 232 1002 283 rogitus
1019 233 1170 271 etiam?
1200 232 1265 271 NI.
1285 233 1420 273 Lubet

760 297 801 335 et
820 301 969 337 metuo.
1011 297 1094 338 BA.
1119 297 1227 348 Quid
1243 299 1418 338 metuis?

154 364 218 403 NI.
250 363 311 402 Ne
343 363 537 403 obndxius
569 361 652 402 filio
688 363 762 400 sim
793 363 835 400 et
868 374 1000 401 seruo.
1044 363 1125 402 BA.
1156 362 1246 402 Mel
1273 364 1418 414 meum,

759 429 912 478 amabo,
928 428 1055 467 istaec
1071 428 1188 468 fiunt.
1331 435 1419 471 1196

158 493 308 532 Tuust:
347 491 453 531 {inde
475 491 592 532 illum
616 493 775 531 sumere
802 504 967 543 censes,
997 494 1076 532 nisi
1101 493 1208 545 qudd
1238 499 1325 533 tute
1355 494 1418 533 illi

775 556 970 596 dederis?

156 624 271 663 Hanc
288 623 445 662 ueniam
460 621 544 661 illis
562 623 648 661 sine
666 626 708 661 te
722 622 896 661 e'xorem.
927 623 991 662 NI.
1015 623 1070 663 Vt
1082 625 1285 662 terebrat:
1313 625 1418 662 satin

758 687 1000 726 offirmatum

158 752 274 802 Quod
291 753 388 791 mihi
410 756 511 802 erat,
533 750 668 803 [nunc]
685 750 727 789 id
743 763 807 790 me
825 751 993 789 exorat?
1029 752 1110 791 BA.
1144 751 1205 790 Te
1223 753 1359 790 amabo
1378 758 1418 790 et

757 821 799 854 te
820 813 1091 867 amplexdbor.

158 883 219 923 NJ.
251 882 340 921 Tua
361 895 446 921 sum
468 884 591 935 dpera
608 886 650 921 et
665 886 837 934 propter
853 886 895 919 te
912 881 1134 933 inprobior.
1180 881 1261 920 BA.
1291 881 1351 920 Ne
1367 884 1418 920 tis

758 959 874 997 quam
890 958 978 984 mea
994 943 1222 985 mauellem.
1331 951 1418 984 1200

162 1011 221 1052 Μ.
254 1014 342 1063 Age
358 1013 450 1063 iam,
468 1013 558 1051 utut
575 1016 652 1063 est,
670 1012 789 1050 etsist
806 1010 1014 1061 dedecori,
1031 1012 1183 1063 patiaeir:
1206 1010 1344 1049 facere
1359 1012 1419 1048 in-

759 1077 899 1116 ducam
916 1078 1099 1116 animum.

162 1144 237 1183 BA.
271 1143 385 1182 Satin
410 1143 483 1193 ego
506 1143 610 1181 istuc
626 1143 756 1181 habeo
775 1142 1018 1180 offirmatum
1085 1139 1105 1161 *
1173 1143 1191 1163 *
1260 1141 1279 1162 *
1346 1140 1365 1161 *
1400 1141 1420 1177 ⁸?

160 1209 221 1248 NI.
255 1207 372 1258 Quod
390 1207 468 1247 dixi
489 1206 632 1259 semel,
651 1208 730 1246 hau
746 1208 919 1246 mutabo.
948 1207 1028 1245 BA.
1054 1206 1087 1244 1t
1105 1205 1209 1244 dies:
1238 1206 1294 1243 ite
1311 1206 1418 1243 intro

759 1273 1012 1312 adclibitum:

157 1337 256 1377 Filii
284 1352 356 1378 uos
387 1343 605 1393 expectzint
632 1341 752 1379 intus.
806 1339 871 1377 NI.
908 1339 1034 1388 Quam
1058 1336 1221 1389 quidem
1244 1338 1419 1376 actutum

759 1403 1032 1443 emorizimur‘?

158 1472 238 1509 BA.
272 1471 432 1523 Vesper
462 1472 527 1510 hic
559 1476 640 1509 est:
678 1472 757 1521 ite,
789 1472 1015 1523 sequimini.
1065 1471 1149 1510 PH.
1177 1470 1322 1509 Ducite
1346 1472 1420 1508 nds

761 1549 838 1587 quo
854 1536 968 1575 lubet
985 1535 1179 1575 addictos,
1331 1541 1419 1576 1205

159 1601 238 1639 ΒΑ.
270 1599 427 1652 Lepide
452 1601 528 1652 ipsi
553 1601 595 1638 hi
623 1605 715 1639 sunt
742 1603 870 1652 capti,
902 1602 983 1639 suis
1001 1603 1069 1652 qui
1090 1601 1185 1640 filiis
1202 1601 1342 1640 fecere
1358 1603 1420 1640 in—

759 1664 890 1703 sidias.

597 1827 977 1866 CATERVA.

160 1905 213 1943 Hi
230 1916 349 1943 senes
365 1905 443 1942 nisi
459 1903 630 1943 fuissent
646 1904 762 1944 nihili
778 1906 856 1943 iam
873 1903 967 1942 inde
985 1904 1032 1942 ab
1051 1902 1339 1953 adulescentia,

159 1971 250 2010 Ndn
265 1971 388 2010 hodie
404 1973 482 2011 hoc
498 1973 652 2011 tantum
665 1973 860 2024 flagitium
874 1973 1059 2025 fficerent
1073 1972 1181 2010 canis
1200 1973 1417 2024 cfipitibus:

160 2035 301 2086 Neque
322 2035 421 2075 adeo
438 2037 538 2075 haec
552 2037 791 2087 faceremus,
807 2039 848 2076 ni
865 2038 1035 2076 antehac
1051 2036 1292 2075 uidissemus
1308 2037 1418 2088 fieri,

162 2092 217 2139 Vt
234 2107 330 2154 aput
344 2102 515 2142 lenones
535 2103 683 2143 riuales
703 2103 801 2143 filiis
818 2104 967 2143 fierent
981 2107 1130 2155 patres.
1331 2108 1420 2142 1210

162 2168 437 2220 Spectatores‚
455 2172 527 2208 u6s
543 2168 683 2209 ualere
699 2169 902 2210 ud'lumus:
933 2169 1041 2209 clare
1058 2168 1303 2221 adplmidite.
