1511 2502
459 113 517 146 AD
542 112 648 144 FRID.
675 109 767 143 RITS
772 109 968 143 CHELIVM.
1307 108 1352 142 xl

85 216 204 257 scripsi
227 215 374 247 redduco
398 213 450 256 (at
474 214 603 250 redux,
631 212 673 245 cs.
698 210 954 243 Scmmmssnvs
981 210 1021 242 dc
1047 210 1142 241 elem.
1169 209 1250 251 ling.
1277 209 1350 242 Lat.

84 271 117 303 p.
134 259 200 293 587
221 270 294 301 sqq.
315 261 408 292 cuius
432 259 473 291 de
494 259 626 291 duobus
647 257 800 288 versibus
817 253 987 298 Gapt.923
1003 260 1034 286 et
1050 255 1137 288 Rud.
1147 251 1213 287 909
1227 255 1350 286 iudicio

84 315 150 338 non
175 316 247 338 sum
274 303 472 346 obsecutus)
492 303 629 344 repperi
645 303 773 334 rettuli:
799 301 868 334 Mil.
883 299 928 334 26
942 299 986 334 27
999 299 1045 333 30
1059 298 1148 333 1180
1164 310 1238 331 sero
1255 300 1351 331 intel-

84 351 151 384 lexi
195 362 260 382 uon
298 351 403 382 fuisse
439 348 682 381 sollicitandam
716 348 915 388 scripturam
953 348 1153 388 optimorum
1191 345 1350 377 librorum

85 397 318 435 bracchium
341 401 403 444 (cf.
429 402 609 434 XVAGNBM
634 399 785 442 Orthogr.
798 400 900 442 Verg.
915 396 1066 441 p.419)‚
1092 399 1172 430 item
1185 394 1348 431 Rud.547

84 463 117 490 et
137 456 225 490 1313
246 452 520 503 marsuppium
543 457 615 489 sive
639 449 902 500 marsippium
927 455 1018 495 quod
1034 455 1067 486 in
1083 454 1174 487 libris
1189 454 1349 485 Plautinis

83 506 201 538 eadem
226 507 445 538 inconstantia
466 507 626 547 scriptum
650 505 814 546 reperitur
838 514 903 544 qua
928 505 962 535 in
985 503 1078 535 libris
1103 503 1235 535 Graecis
1259 512 1349 543 μαρ-

83 550 210 582 σίπιον
242 546 452 592 μαρσύπιον
485 550 739 592 μαρσίππιον.·
777 555 890 581 contra
920 549 1175 590 improbandum
1210 549 1350 580 arbitror

82 598 169 629 nollo
195 598 286 637 quod
313 606 362 629 ¹rv
390 606 495 639 nuper
518 598 552 628 in
577 595 688 628 Sticho
717 596 774 627 ubi
802 594 877 627 libri
898 595 1103 636 praebebant
1128 595 1161 625 in
1187 595 1343 626 continui„

81 647 183 674 tatem
212 643 390 675 verborum
419 642 574 684 recepisti
603 647 634 673 et
668 642 702 672 in
733 640 940 682 praefatione
964 650 997 682 p.
1015 649 1063 671 xv
1087 650 1136 680 sq.
1163 640 1210 671 ita
1236 639 1350 671 desen-

83 687 163 719 disti
189 694 225 719 ut
255 697 355 728 quam
387 689 586 729 scripturam
617 687 770 727 antiquos
803 692 954 718 auctores
976 686 1099 717 habere
1125 695 1166 717 ex
1187 685 1348 716 Diomede

82 734 299 775 grammatico
326 733 528 765 disceremus
553 743 626 764 eam
652 732 692 764 ab
720 732 845 763 editore
869 731 977 762 Plauti
1002 732 1171 762 obscurari
1196 740 1258 772 par
1282 740 1346 761 non

83 787 157 810 esse
182 779 410 811 contenderes,
437 780 490 810 cui
515 778 697 809 sententiae
718 777 869 809 lubenter
885 777 1127 808 subscriberem
1145 777 1174 808 si
1185 777 1349 808 rationem

79 824 178 872 istius
201 824 413 864 antiquorum
436 825 605 856 doctrinae
630 823 872 865 perspicerem:
910 831 958 853 'rv
986 822 1121 862 quidem
1142 816 1236 853 ‘satis
1259 815 1348 852 oiva-

80 867 195 909 λογως
219 871 356 901 nonuolo
381 870 520 900 transire
541 869 575 900 in
598 870 682 901 nollo
707 861 870 909 potuisse'
883 867 1065 908 profiteris,
1093 868 1154 898 sed
1170 873 1346 907 antequam

81 923 167 953 quae
204 913 303 945 fuerit
330 915 394 945 ista
426 914 581 955 analogia
615 914 820 954 argumentis
851 913 988 943 eviceris
1021 923 1087 943 non
1119 922 1259 954 possum
1282 923 1346 944 non

82 959 267 990 docuinam
291 959 381 990 illam
405 969 543 1000 pravam
568 959 714 989 iudicare
740 964 844 989 ortam
871 957 1013 989 fortasse
1038 963 1074 988 ut
1097 956 1346 989 Scurx‘ssmssnvs

80 1003 103 1034 1.
119 1013 146 1034 s.
161 1013 189 1034 s.
203 1013 238 1044 p.
252 1001 321 1036 418
352 1005 433 1035 scite
462 1004 651 1045 suspicatur
674 1003 752 1034 inde
777 1002 868 1043 quod
897 1004 981 1034 malo
1007 1013 1025 1034 a
1048 1001 1184 1043 μᾶλλον
1209 1004 1340 1035 descen-

81 1048 158 1080 dere
192 1049 431 1089 opinabantur:
469 1050 581 1088 itaque
606 1058 659 1079 me
688 1049 761 1089 ipse
783 1047 990 1089 reprehendo
1016 1048 1106 1087 quod
1129 1055 1345 1090 praepostero

81 1102 161 1124 usus
186 1093 308 1124 iudicio
334 1101 364 1124 et
389 1102 459 1124 'rVA
483 1094 589 1134 ipsius
614 1098 726 1135 spreta
751 1093 977 1124 admonitione
999 1103 1059 1134 per
1074 1099 1177 1125 totam
1193 1093 1344 1125 Trinum-

79 1148 169 1169 mum
199 1139 337 1170 vitiosas
370 1140 551 1180 scripturas
580 1141 664 1171 nollo
691 1144 722 1169 et
747 1139 841 1169 mallo
865 1138 998 1169 induxi:
1031 1139 1220 1170 restitutum
1245 1140 1346 1181 igitur

78 1190 177 1222 velim
211 1201 243 1221 v.
272 1188 340 1224 634
375 1189 441 1223 685
475 1188 543 1224 688
579 1188 646 1224 945
680 1188 748 1224 979
781 1188 868 1222 1060
899 1187 985 1222 1157
1015 1189 1105 1224 1170
1128 1184 1246 1235 nolo,
1278 1190 1345 1224 762

77 1238 234 1277 malim:
265 1250 409 1276 ceterum
438 1245 527 1277 idem
556 1244 809 1277 Scfflvssmssnvs
839 1245 936 1276 docet
961 1255 1036 1276 cum
1058 1245 1219 1278 Diomede
1246 1247 1344 1278 etiam

78 1293 259 1326 Cornutum
289 1295 380 1336 apud
411 1293 561 1326 Cassiod.
587 1305 621 1336 p.
637 1292 729 1327 2283
753 1305 804 1335 sq.
835 1294 1049 1335 Papirianum
1079 1296 1170 1336 apud
1202 1296 1344 1328 eundem

77 1349 110 1380 p.
125 1337 217 1372 2290
245 1339 371 1371 Bedam
402 1350 436 1381 p.
452 1338 541 1372 2339
573 1341 605 1370 in
638 1340 835 1372 damnandis
866 1341 1039 1382 scripturis
1070 1343 1166 1373 mallo
1195 1346 1226 1372 et
1258 1343 1344 1373 nollo

76 1385 279 1425 conspirare.
315 1385 386 1417 dixi
415 1386 456 1417 de
481 1386 657 1427 geminatis
683 1385 950 1417 consonantibus.
978 1387 1011 1417 in
1035 1386 1259 1428 compluribus
1283 1397 1343 1418 vo-

76 1429 203 1461 cabulis
235 1430 453 1462 suadentibus
481 1431 574 1462 libris
606 1441 664 1462 eae
697 1436 916 1462 consonantes
947 1441 1030 1471 quas
1059 1433 1226 1473 posterior
1251 1438 1342 1464 aetas

76 1476 252 1506 extriverat
276 1476 446 1507 restitutae
470 1481 564 1513 sunt,
598 1476 690 1507 velut
712 1477 745 1507 in
770 1478 915 1518 quinctus
938 1486 998 1517 pro
1023 1479 1166 1519 quintus,
1204 1483 1342 1510 nanctus

75 1529 135 1561 pro
157 1525 272 1552 nactus
297 1519 381 1562 (non
407 1526 517 1552 autem
539 1527 739 1561 percunctor
762 1522 813 1553 vel
833 1527 1032 1562 perconctor
1053 1524 1172 1564 scripsi
1188 1524 1248 1555 sed
1260 1533 1340 1564 per-

73 1564 227 1606 contor),
264 1571 469 1606 cmwmptus
501 1571 531 1597 et
562 1573 769 1607 corrumptor·
802 1577 862 1608 pro
894 1573 1068 1608 corruptus
1094 1574 1124 1600 et
1151 1574 1338 1609 corruptor.

73 1614 189 1650 tempto
222 1612 447 1651 pedetemptim
482 1616 669 1652 contempno
704 1622 764 1654 pro
801 1617 887 1644 tento
920 1614 1118 1653 pedetentim
1154 1619 1338 1646 contemno.-

74 1656 152 1686 item
183 1656 314 1688 deciens
345 1658 489 1689 centiens
515 1658 630 1689 totiens
653 1660 800 1700 quotiens
825 1668 899 1689 cum
926 1659 1089 1690 similibus
1115 1665 1146 1691 et
1171 1665 1338 1692 centcnsu—

72 1711 140 1732 mus
170 1702 372 1733 vicensumas
407 1708 437 1734 et
471 1702 667 1735 thensaurus
703 1704 792 1743 quod
825 1705 925 1734 etiam
961 1710 1077 1736 neutro
1104 1715 1225 1747 genere
1251 1706 1339 1738 then-

71 1755 206 1776 saurum
234 1756 253 1777 a
284 1747 400 1778 Plauto
435 1748 559 1779 dictum
591 1755 640 1780 est
665 1747 774 1790 (velut
797 1758 858 1790 per
881 1754 984 1781 totam
1008 1750 1254 1792 Trinummum)
1277 1762 1337 1793 pro

72 1790 263 1829 thesaurus,
294 1797 415 1833 gnatus
449 1803 509 1834 pro
533 1799 630 1826 natus
655 1800 689 1825 ut
712 1799 821 1826 tamen
846 1793 933 1826 hanc
957 1796 1153 1837 scripturam
1177 1807 1242 1828 non
1269 1808 1338 1828 om-

72 1836 148 1867 nino
184 1837 393 1878 repudiarem
426 1839 486 1870 sed
520 1839 554 1870 id
589 1839 765 1871 discrimen
799 1849 967 1871 servarem
1000 1841 1089 1880 quod
1114 1841 1272 1874 NAssxlvs
1304 1844 1337 1874 in

72 1879 191 1922 Opusc.
216 1882 332 1923 philol.
359 1883 451 1934 vpLI
473 1893 506 1925 p.
522 1882 588 1917 187
611 1894 684 1925 sqq.
704 1879 790 1917 ‘sine
809 1885 902 1916 libris
923 1887 1071 1927 ipsorum
1090 1887 1238 1919 locorum
1254 1888 1338 1920 inter

73 1934 108 1956 se
133 1929 378 1968 comparatione
414 1928 538 1967 effecit,
576 1936 764 1962 constanter
798 1936 909 1962 autem
942 1933 1073 1972 ignatus
1108 1942 1168 1974 pro
1204 1934 1336 1965 innatus

71 1971 258 2003 scriberem.
299 1973 466 2015 simplices
500 1981 721 2007 consonantes
750 1984 797 2007 'rv
829 1977 1002 2008 restituisti
1030 1978 1064 2008 in
1089 1977 1140 2009 his
1163 1979 1336 2011 vocabulis

69 2025 156 2054 quae
178 2017 277 2058 vulgo
300 2020 476 2060 geminatis
499 2021 599 2053 scribi
622 2021 745 2054 solent:
768 2022 838 2053 Izz‘ce
863 2022 955 2054 huice
976 2022 1081 2054 hicine
1103 2024 1217 2056 hucine
1233 2026 1335 2056 sicine

69 2070 144 2112 cum
176 2063 359 2101 similibus,
395 2065 470 2096 ilico
497 2059 570 2106 ‘pro
602 2068 787 2099 reiectaneo
822 2061 929 2105 illieo',
966 2069 1091 2100 ocultus
1125 2070 1181 2101 ubi
1206 2080 1334 2102 numeri

67 2114 208 2146 primam
230 2107 392 2149 syllabam
416 2110 549 2142 brevem
573 2111 723 2154 flagitant
745 2122 805 2154 pro
831 2114 990 2151 occultus,
1016 2115 1109 2146 sario
1125 2125 1185 2156 pro
1203 2118 1333 2148 surr-io:

71 2150 184 2183 addidi
217 2154 315 2185 litera
338 2164 437 2194 quarn
464 2157 658 2198 scripturam
683 2158 783 2189 altera
805 2159 968 2199 potiorem
993 2169 1067 2190 esse
1092 2160 1171 2192 alibi
1196 2161 1332 2193 demon-

70 2197 188 2234 stravi,
204 2200 313 2248 pelex
337 2199 424 2231 Rud.
439 2198 526 2233 1047
551 2212 610 2243 pro
633 2204 766 2243 pellex,
789 2205 905 2243 pinula
924 2204 1045 2247 Amph.
1063 2203 1140 2244 143,
1171 2212 1207 2238 ut
1222 2208 1331 2248 priore

70 2247 168 2270 manu
202 2251 235 2273 in
269 2245 308 2275 V.
338 2243 371 2279 C.
409 2253 580 2279 exaratum
615 2255 682 2287 est,
724 2248 788 2280 hoc
827 2250 914 2280 enim
950 2251 993 2282 ad
1024 2252 1157 2290 pinnam
1191 2253 1330 2284 eandem
