1511 2502
74 119 307 155 11452—72
447 105 967 148 PSEVDVLVS.
1261 101 1337 145 197

73 224 176 272 Quin
202 224 243 261 in
266 221 391 261 corde
415 221 622 260 instruere
647 216 847 268 quondam
868 217 1005 269 coe'pit
1022 216 1339 268 thermipdlium.

73 289 145 327 PS.
176 288 390 339 Et'tgepae:
418 284 578 338 lepide,
601 284 802 333 Charine,
820 282 911 322 meo
927 294 992 321 me
1007 281 1105 320 ludo
1121 280 1337 320 lamberas.

74 354 144 392 Scit
168 352 265 405 quid
287 364 436 391 nomen
460 352 551 389 esse
577 349 706 388 dicam
723 360 798 399 ego
823 350 891 387 isti
917 348 1068 387 seruo?
1118 348 1203 387 CH.
1238 347 1341 386 Sim-

674 426 790 454 miae.

71 484 146 524 PS.
187 484 327 522 Scitne
364 484 407 521 in
438 494 483 521 re
514 481 686 520 aduersa
716 480 904 519 uersari?
957 479 1043 519 CH.
1086 479 1227 518 Turbo
1261 492 1341 516 non

677 546 807 597 aeque?
830 546 964 583 citust.
1274 549 1341 583 745

72 613 147 655 PS.
180 604 338 665 Ecquid
368 613 582 664 argutstst?
638 612 725 652 CH.
758 610 961 650 Malorum
995 610 1222 648 facinorum
1253 621 1342 647 sae-

678 680 866 730 pissume.

72 745 146 783 PS.
183 744 288 794 Quid
314 757 434 795 quom
466 745 694 783 manufestd
730 742 928 781 tenetur?
971 742 1057 781 CH.
1092 729 1341 793 Anguillast:

680 808 867 848 elabitur.

76 875 146 915 PS.
179 866 338 927 Ecquid
354 877 388 914 is
405 877 524 914 homo
543 875 716 914 scitust?
760 874 846 912 CH.
879 872 1000 911 Plebi
1018 874 1163 911 scitum
1180 884 1262 910 non
1280 878 1342 910 est

674 940 827 978 scitius.

71 1006 145 1045 PS.
177 1006 336 1044 Prdbus
352 1006 525 1055 homost‚
556 1010 600 1044 ut
615 1005 855 1057 praedicare
871 1009 912 1043 te
931 1004 1061 1044 audio.
1110 1004 1196 1043 CH.
1218 1004 1341 1042 Immo

676 1073 734 1109 sic
750 1071 874 1109 scias:

75 1127 152 1175 <sbi
169 1142 211 1175 te
228 1139 446 1189 aspexerit,
467 1138 650 1176 narrabit
668 1136 778 1175 ultro
797 1135 894 1188 quid
910 1136 1002 1175 sese'
1017 1134 1134 1174 uelis.
1276 1141 1296 1175 7
1301 1142 1344 1174 50

74 1202 146 1241 Set
172 1201 268 1252 quid
287 1215 335 1240 eo
352 1202 577 1241 factniru’s‘?
618 1203 693 1242 PS.
725 1203 884 1240 Dicam:
916 1202 984 1240 ubi
1001 1202 1208 1240 hominem
1226 1213 1344 1239 exor-

676 1271 844 1317 nauero,

74 1331 441 1373 Stibditiuomfieri
457 1346 532 1384 ego
549 1333 666 1372 illum
683 1333 823 1372 militis
840 1335 1001 1371 serudm
1017 1332 1132 1371 uolo:

75 1396 313 1437 Sumbulum
329 1399 435 1437 hunc
451 1399 560 1437 ferat
574 1398 716 1437 lenoni
733 1400 823 1437 cum
840 1400 1018 1449 quinque
1036 1400 1196 1449 argenti
1210 1399 1344 1449 minis,

76 1462 296 1502 Mulierem
313 1465 360 1501 ab
376 1463 525 1503 lendne
543 1464 736 1503 abducat:
768 1466 818 1503 en
836 1465 911 1502 tibi
927 1477 1088 1502 omnem
1103 1464 1294 1503 fabulam.

75 1529 267 1567 ceterum
286 1542 363 1579 quo
381 1532 555 1581 quicque
570 1535 690 1582 pacto
706 1530 841 1579 faciat,
863 1531 942 1581 ipsi
959 1529 1113 1568 dixero.
1274 1535 1342 1570 755

74 1595 155 1634 CA.
189 1593 296 1644 Quid
317 1607 424 1633 nunc
445 1596 571 1646 igitur
595 1595 776 1634 stamus?
818 1595 894 1634 PS.
926 1595 1145 1633 Hominem
1172 1608 1261 1633 cum
1278 1597 1343 1633 dr-

679 1661 880 1698 namentis
899 1661 1083 1699 (imnibus

72 1715 319 1763 Exornatum
344 1724 533 1764 adducite
559 1725 609 1764 ad
633 1739 698 1764 me
722 1727 801 1764 iam
823 1725 874 1764 zid
898 1727 1157 1778 tarpessitam
1172 1728 1344 1765 Aeschi-

677 1805 794 1829 num:

73 1856 145 1895 set
159 1861 392 1908 properate.
425 1856 511 1896 CH.
529 1856 647 1895 Prius
662 1856 723 1895 illi
738 1858 889 1895 erimus
904 1859 1021 1908 quam
1036 1862 1093 1898 tu.
1125 1858 1201 1896 PS.
1218 1859 1342 1896 Abite

677 1934 775 1974 ergo
795 1923 918 1962 (icius.

73 1986 281 2039 Quidquid
293 1988 444 2026 incerti
459 1988 512 2025 mi
529 1989 570 2026 in
588 1989 718 2027 animo
734 1990 848 2040 prius
865 1994 933 2027 aut
949 1989 1176 2039 ambigudm
1191 1989 1284 2039 fuit,

75 2053 189 2092 Nunc
202 2052 357 2105 liquet,
380 2067 486 2092 nunc
504 2053 816 2093 defaecatumst:
848 2057 919 2093 οόι·
939 2054 1103 2106 [meum]
1118 2055 1216 2093 mihi
1234 2067 1341 2093 nunc

675 2121 913 2172 peruiumst.
1273 2124 1344 2159 760

75 2174 214 2240 Omnis
231 2183 376 2222 ordine
396 2184 503 2236 [ego]
523 2186 596 2223 sub
613 2186 738 2236 signis
755 2185 897 2223 ducam
917 2184 1102 2236 legiones
1119 2198 1229 2222 meas

77 2251 161 2287 Aue
180 2250 357 2298 sinistra,
382 2252 560 2303 auspicio
576 2249 734 2303 liquido
751 2256 873 2302 atque
891 2252 938 2290 ex
956 2250 1077 2302 [mea]
1097 2251 1317 2289 sententia.
