1511 2502
1309 0 1312 3 ·
1350 4 1363 21 «τ
1385 0 1478 25 ἐ-,τ-Ξει.
1485 0 1511 22 ,ω’

184 129 239 169 90
665 124 974 164 PLAVTI
1199 122 1465 170 111147241-90

185 240 280 280 MN.
315 239 427 280 cedo
454 251 614 278 manum
638 251 683 276 ac
711 238 964 289 Supsequere
988 238 1157 290 propius
1183 250 1247 277 me
1271 236 1322 276 ad
1345 237 1460 276 soris.

794 305 905 342 intro
922 305 1092 356 inspice,

187 373 275 412 CH.
309 373 435 422 Euax,

185 438 222 476 N
226 438 316 476 imis
337 436 435 488 [hic]
456 433 590 474 bellus
608 437 730 486 atque
746 439 790 473 ut
809 447 900 474 esse
917 437 1099 474 maxume
1112 435 1299 486 optabam
1315 433 1462 473 locust.

186 503 249 542 Pl.
281 503 392 553 Quae
419 501 682 554 inperauisti:
718 503 950 553 inperatum
973 502 1079 540 bene
1098 501 1216 540 bonis
1233 500 1385 539 factum
1401 499 1466 538 ili-

794 571 893 605 cost.
1396 570 1464 606 726

187 634 273 673 CH.
308 632 414 683 Quid
444 632 628 685 parasti?
681 631 744 671 ΡΙ.
787 631 899 681 Quae}
929 643 1074 683 parare
1104 632 1150 670 tii
1183 631 1278 683 [me]
1310 631 1466 669 iussisti

797 700 943 739 omnia.

190 766 276 806 CH.
312 765 423 817 Cape
457 763 596 802 stilum
626 776 805 816 propere
833 764 873 801 e't
896 762 1071 802 tabellas
1088 768 1132 802 tu
1148 764 1219 803 has
1236 765 1321 803 tibi.
1369 764 1463 804 MN.

801 827 909 878 Quid
924 829 1097 881 postea?

191 898 279 937 CH.
300 895 418 947 Quod
433 897 583 934 iubebo
602 896 770 935 scribito
787 896 902 933 istic:
934 898 1025 933 mim
1040 899 1265 947 propterea
1281 896 1353 948 [te]
1371 896 1466 935 uolo

190 964 398 1012 Scribere,
415 966 461 1000 ut
475 962 594 1014 pater
611 965 829 1012 cognoscat
843 960 999 1012 literas,
1019 960 1178 1013 quando
1195 961 1316 1013 legat.
1400 967 1467 1003 730

191 1029 346 1068 Scribe.
400 1027 496 1067 MN.
537 1026 644 1077 Quid
675 1026 881 1065 scribam?
935 1027 1019 1066 CH.
1051 1026 1231 1066 Salutem
1260 1026 1330 1066 tuo
1360 1029 1469 1080 patri

798 1094 935 1131 uerbis
953 1094 1044 1132 tuis.

190 1160 252 1198 ΡΙ.
287 1157 394 1209 Quid
420 1159 454 1196 si
480 1159 616 1210 potius
650 1158 857 1209 mdrbm,
897 1164 1071 1198 mortem
1101 1160 1281 1198 scribat?
1318 1159 1361 1198 id
1389 1160 1470 1198 erit

800 1226 965 1264 rectius.

192 1292 279 1331 CH.
311 1291 373 1330 Ne
397 1291 641 1329 interturba.
688 1289 782 1329 MN.
814 1290 894 1328 Iam
918 1292 1150 1342 inperatum
1173 1292 1215 1329 in
1237 1293 1330 1337 cera
1345 1292 1459 1334 inest.

799 1355 884 1394 CH.
910 1355 984 1393 Dic
1002 1368 1120 1406 quem
1138 1355 1188 1395 ad
1204 1347 1395 1396 modum?

191 1422 286 1462 MN.
312 1421 609 1461 ‘Mnesilochus
627 1420 799 1460 saltitem
817 1420 916 1458 dicit
934 1420 1003 1459 silo
1020 1422 1157 1473 patri.'
1187 1422 1273 1461 CH.
1294 1422 1465 1460 Ascribe

801 1488 879 1526 hoc
898 1488 1000 1526 cito:
1402 1492 1470 1527 734

193 1552 433 1593 ‘Chrusalus
460 1554 558 1591 mihi
584 1554 710 1603 risque
730 1565 887 1602 quaque
904 1551 1085 1602 loquitur
1101 1565 1177 1591 nec
1191 1554 1320 1603 recte,
1337 1556 1466 1604 pater,

194 1620 297 1669 Quia
312 1619 389 1657 tibi
407 1631 545 1656 aurum
562 1616 726 1655 reddidi
745 1622 786 1654 et
802 1618 894 1667 quia
910 1619 992 1654 non
1008 1622 1049 1655 te
1068 1616 1426 1655 defraudauerim?

193 1687 256 1725 ΡΙ.
290 1685 414 1725 Mane
432 1684 526 1722 dum
546 1684 701 1722 scribit.
749 1684 833 1722 CH.
861 1682 1054 1722 Celerem
1072 1686 1237 1734 oportet
1255 1684 1344 1721 e'sse
1363 1696 1449 1721 ama

801 1752 903 1787 toris
920 1762 1090 1787 manum.

193 1817 255 1856 ΡΙ.
289 1817 404 1855 Haec
430 1814 594 1868 quidem
617 1813 800 1852 herclest
828 1813 908 1865 [ad]
936 1812 1195 1865 perdundum
1212 1815 1336 1865 magis
1353 1827 1470 1866 quam

805 1878 855 1917 ad
874 1878 1136 1917 scribundilm
1155 1880 1245 1918 cita.

195 1948 290 1987 MN.
326 1947 538 1998 Loquere:
570 1947 647 1985 hoc
671 1946 920 1997 scriptumst.
972 1945 1057 1985 CH.
1092 1944 1244 1995 εΝιίιιο,
1268 1949 1387 1997 pater
1400 1945 1469 1996 mi,

805 2010 926 2063 proin
944 2016 988 2049 tu
1005 2012 1052 2049 ab
1071 2023 1119 2049 eo
1136 2014 1180 2048 ut
1198 2013 1340 2049 caueas
1356 2011 1446 2061 tibi,

197 2079 495 2131 Silcophantiz'ts
514 2078 721 2130 conponit,
739 2077 877 2115 aurum
893 2082 936 2115 ut
954 2090 1023 2129 aps
1039 2081 1081 2115 te
1102 2076 1174 2128 [id]
1196 2076 1374 2115 auferat:
1403 2081 1470 2117 740

196 2135 251 2183 Et
266 2144 455 2196 profecto
474 2156 517 2182 se
535 2142 761 2182 ablaturum
779 2142 905 2182 dixit?
934 2142 1056 2196 plane
1075 2143 1278 2182 ascribito.

197 2209 293 2250 MN.
326 2209 401 2248 Dic
425 2208 557 2247 modo.
607 2208 692 2248 CH.
727 2209 878 2260 ‘Atque
902 2207 946 2246 id
969 2207 1191 2260 pollicetur
1215 2208 1259 2246 se
1283 2205 1470 2246 daturum

809 2275 948 2313 aurum
964 2275 1076 2325 mihi,
