1511 2502
121 95 202 136 228
583 95 893 134 PLAVTI
1134 107 1393 142 111221—42

123 207 223 248 DAE.
257 197 311 246 At
342 221 415 259 ego
445 212 487 247 te
516 221 592 260 per
623 209 741 246 crura
767 213 809 247 et
828 208 932 248 talos
947 210 1190 260 tergumque
1207 211 1393 262 optestdr

726 278 852 324 tuum,
1324 279 1391 315 635

123 340 167 378 Si
184 340 259 378 tibi
274 338 448 377 ulmeam
463 339 641 377 futuram
659 341 801 390 speres
817 338 1100 391 uirgidemiam

120 395 175 443 Et
190 406 267 443 tibi
284 406 523 443 euenturam
540 406 618 443 hoc
635 418 738 443 anno
758 407 925 444 uberem
942 406 1116 443 messem
1132 404 1241 456 mali,

121 461 178 509 Vt
193 471 246 508 mi
262 471 367 508 istuc
385 470 494 508 dicas
511 471 652 521 negoti
670 470 767 521 quid
782 472 849 521 sit,
868 484 970 521 quor
987 469 1224 510 tumultues.

123 536 208 575 TR..
244 537 323 584 Qui
343 534 460 573 lubet
483 535 763 575 maledicere?
800 536 992 588 equidem
1021 538 1095 575 tibi
1124 537 1231 575 bona
1254 536 1391 588 optaui

727 603 871 641 omnia.

120 666 220 705 ΒΕ.
252 668 366 705 Be'ne
394 668 585 719 equidem
607 670 683 706 tibi
710 668 822 717 dico,
856 668 925 717 qui
946 672 986 705 te
1005 666 1126 718 digna
1140 671 1185 705 ut
1201 667 1392 705 eueniant

722 744 884 784 precor.
1323 736 1392 770 640

121 799 206 837 TR..
243 788 449 849 Opsecro,
479 798 557 836 hoc
586 799 868 849 praeudrtere.
916 796 1017 835 DAE.
1047 796 1158 846 Ergo
1192 795 1289 847 quid
1318 807 1392 833 ne-

716 862 871 912 gotist?
915 861 1001 900 TR.
1034 860 1239 899 Mulieres

117 928 230 966 Duae
249 929 491 966 innocentes
509 929 616 965 intus
632 927 700 964 hic
716 930 823 975 sunt,
843 926 904 963 tui
921 924 1154 976 indigentes
1172 924 1306 975 auxili,

121 993 276 1042 Quibus
294 992 512 1031 aduersum
528 993 590 1030 i1'1s
606 991 802 1042 legesque
819 991 886 1028 hic
902 990 1095 1040 insignite
1110 990 1261 1028 iniuria

117 1057 283 1095 Factast
299 1057 428 1108 fitque
444 1057 487 1094 in
503 1056 681 1096 Veneris
697 1056 804 1093 fano.
835 1055 921 1093 tum
936 1054 1129 1094 sacerdos
1144 1055 1327 1095 Veneria

118 1112 287 1172 indigne
305 1121 548 1159 adflictatur.
581 1121 682 1159 DAE.
709 1120 807 1169 Quis
823 1120 986 1158 homost
1000 1122 1112 1158 tenta
1129 1119 1388 1170 confidentia,

119 1187 197 1235 Qui
212 1185 470 1225 sacerdotem
488 1184 637 1224 audeat
653 1183 809 1223 uiolare
820 1184 840 1222 ‘3
871 1188 936 1223 set
951 1196 1024 1222 eae
1040 1183 1236 1222 mulieres
1321 1190 1388 1224 646

118 1252 231 1300 Quae
249 1251 374 1289 sunt?
405 1255 473 1288 aut
499 1249 596 1301 quid
622 1252 654 1287 is
672 1250 802 1300 iniqui
818 1249 900 1287 fit?
943 1249 1028 1288 TR.
1061 1249 1105 1287 Si
1122 1247 1192 1288 das
1209 1261 1388 1301 operam,

717 1315 899 1366 eloquar.

123 1383 295 1422 Ve‘neris
323 1383 481 1432 signum
509 1384 605 1420 sunt
629 1381 858 1433 amplexae:
887 1383 996 1420 minc
1020 1382 1140 1420 homo
1158 1381 1388 1421 audacissu-

713 1459 800 1483 mus

115 1500 194 1553 Eas
213 1510 407 1561 deripere
423 1509 521 1549 uolt.
554 1523 623 1547 eas
640 1510 775 1548 ambas
793 1510 883 1548 esse
899 1515 1066 1562 oportet
1079 1509 1246 1550 liberas.

117 1576 217 1615 ΒΕ.
251 1576 350 1625 Quis
374 1575 467 1612 istic
493 1578 570 1624 est,
597 1575 665 1625 qui
691 1572 790 1612 deos
809 1578 891 1612 tam
907 1576 1023 1626 parui
1040 1575 1217 1627 pendit?
1246 1576 1386 1627 paucis

723 1637 882 1690 expedi.
1317 1646 1387 1681 650

118 1706 205 1745 TR.
236 1704 426 1755 Fraudis,
444 1703 628 1753 sceleris,
643 1701 855 1755 parricidi,
870 1704 1030 1754 pe'riuri
1045 1703 1331 1756 plenissmus,

116 1773 336 1824 Legirupa,
352 1770 568 1822 inpudens,
583 1770 767 1821 inpurus,
783 1769 1230 1808 inuerecundissumus:

118 1828 208 1876 Vno
238 1837 367 1875 uerbo
398 1834 623 1888 apsdluam,
652 1833 810 1874 lenost:
843 1835 941 1886 quid
967 1834 1083 1874 illum
1111 1849 1236 1887 porro
1265 1837 1387 1888 prae-

723 1900 885 1939 dicem?

118 1969 218 2008 ΒΕ.
273 1958 433 2019 Edepol
477 1967 702 2005 infortunio
749 1967 955 2005 hominem
1004 1965 1217 2018 praedicas
1260 1965 1386 2005 dona-

721 2029 857 2071 bilem.

119 2098 205 2138 TR.
238 2099 317 2148 Qui
333 2096 539 2136 sacerdoti
554 2095 754 2135 scelestus
769 2097 899 2135 faucis
914 2096 1237 2149 interpresserit.
1316 2101 1384 2136 655

119 2164 218 2203 DAE.
260 2150 315 2201 Ᾰῐ
338 2162 442 2201 malo
469 2176 558 2201 cum
587 2165 729 2214 magno
760 2175 831 2200 suo
861 2160 1003 2201 hercle
1032 2162 1146 2201 fecit.
1178 2162 1236 2199 ite
1262 2161 1384 2199 istinc

717 2228 843 2279 foras,
