1511 2502
136 110 191 151 54
619 107 930 147 PLAVTI
1157 117 1406 152 Vim—33

248 211 308 260 ibi
334 234 398 260 mc
422 220 613 259 inclamat
631 209 875 259 Alcumena:
905 223 986 260 iam
1002 223 1049 260 ea
1063 234 1131 260 res
1149 234 1213 260 me
1229 222 1404 261 horrore

741 286 891 327 adficit.

135 352 262 391 Erssis
279 355 509 405 praeuortit
524 356 678 391 metus:
704 351 878 391 adciirro
894 358 939 392 ut
955 355 1125 392 sciscam
1142 353 1240 405 quid
1255 351 1377 391 uelit:

138 418 275 470 Atque
292 419 402 457 illam
418 419 600 470 geminos
616 416 729 456 filios
744 421 894 470 pueros
910 420 1124 471 peperisse
1142 419 1376 470 conspicor:

135 483 279 535 Neque
296 487 480 523 nostrum
492 485 703 535 quisquam
715 485 927 535 sensimus,
947 498 1066 536 quom
1076 485 1253 537 peperit,
1269 495 1403 534 neque

736 549 1001 600 prouidimus.
1315 553 1402 588 1071

340 615 413 654 Se't
431 614 652 666 quidhoc?
683 616 771 666 quis
789 616 855 653 hic
873 617 935 654 est
951 628 1089 665 senex,

136 681 214 730 Qui
240 685 333 719 ante
358 680 470 720 aedis
488 685 648 720 nostras
666 684 724 719 sic
741 681 878 719 iacet?
907 695 1096 720 numnam
1111 681 1219 720 hi'mc
1235 692 1404 732 percus-

739 748 792 785 sit
808 748 992 799 Iuppiter
1002 748 1022 785 ‘3

135 810 272 850 Credo
313 810 482 863 edepol:
521 825 611 850 nam
649 825 724 864 pro
752 812 952 866 Iuppiter,
976 812 1178 866 sepiiltust
1207 812 1320 864 quasi
1351 812 1404 849 sit

734 880 927 917 mortuos.

136 942 206 981 Ibo
238 943 284 981 l'lt
314 955 576 993 cognoscam,
619 944 802 994 quisquis
833 948 908 982 cst.
963 947 1027 981 est
1057 931 1300 994 Amphitruo
1336 943 1403 980 hic

740 1007 904 1059 quidem
922 1009 1015 1046 erus
1033 1021 1159 1048 meus.
1313 1012 1402 1047 1075

134 1074 394 1126 Amphitruo,
462 1073 558 1112 AM.
598 1073 724 1113 Perii.
789 1075 869 1113 BR.
909 1073 1052 1124 Surge.
1110 1074 1205 1113 AM.
1244 1074 1399 1112 Interii.

455 1139 537 1178 BR.
570 1139 684 1177 cedo
702 1152 872 1178 manum.
933 1140 1028 1178 AM.
1062 1140 1159 1195 Quis
1176 1140 1240 1176 me
1256 1139 1401 1176 tenet?

132 1205 214 1245 BR..
256 1206 345 1244 Tua
373 1205 533 1243 Bromia
569 1203 725 1244 ancilla.
785 1205 880 1244 AM.
914 1205 1058 1243 Timeo
1088 1208 1220 1254 totus,
1251 1206 1307 1242 ita
1336 1217 1400 1242 me

736 1270 941 1321 increpuit
957 1270 1152 1321 Iuppiter.

134 1336 218 1376 Nec
244 1338 360 1375 secus
387 1340 451 1375 est
477 1336 589 1387 quasi
615 1336 650 1373 si
673 1336 721 1373 ab
740 1324 978 1374 Acherunte
1003 1337 1176 1375 ueniam.
1221 1340 1286 1374 set
1303 1334 1401 1386 quid

734 1402 777 1439 t1'1
794 1401 903 1439 foras

132 1468 374 1519 Egressa's?
430 1467 512 1507 BR..
556 1465 713 1506 Eadem
741 1469 815 1504 nos
845 1466 1021 1506 formido
1048 1466 1210 1505 timidas
1235 1472 1399 1505 terrore

731 1533 898 1584 inpulit:
1308 1537 1397 1571 1079

130 1599 174 1638 In
192 1598 381 1649 aedibus,
405 1599 475 1636 ubi
491 1603 579 1637 tute
595 1599 776 1649 habitas,
794 1600 916 1637 nimia
932 1601 1033 1637 mira
1049 1598 1148 1638 uidi.
1193 1600 1268 1637 uae
1284 1599 1397 1647 mihi,

129 1665 395 1716 Amphitruo:
424 1664 481 1702 ita
512 1665 665 1703 animus
696 1664 840 1716 [meus]
865 1666 963 1703 mihi
989 1666 1112 1703 etiam
1135 1667 1243 1704 minc
1269 1665 1396 1702 abest.

726 1731 821 1770 AM.
853 1731 1039 1781 Agedum
1057 1730 1223 1783 expedi:

130 1795 227 1834 Scin
252 1796 317 1834 me
343 1800 456 1834 tuum
481 1808 572 1834 esse
599 1809 714 1834 erum
740 1785 1110 1848 Amphitruonem?
1166 1796 1246 1834 BR.
1288 1794 1394 1833 Scio.

623 1863 719 1902 AM.
748 1861 853 1901 Vide
870 1863 1128 1901 etiamnunc,
1181 1861 1261 1899 BR..
1289 1859 1395 1898 Scio.

128 1927 224 1966 AM.
263 1927 378 1965 Haec
402 1926 488 1965 sola
515 1940 650 1966 sanam
675 1929 854 1966 mentem
878 1932 1011 1978 gestat
1026 1925 1209 1966 meorum
1225 1924 1397 1963 familia-

722 1994 839 2033 rium.

126 2055 208 2096 BR.
253 2057 376 2096 Immo
404 2059 543 2096 omnes
585 2058 672 2096 sani
716 2060 811 2097 sunt
846 2057 1047 2109 profecto.
1106 2056 1202 2095 AM.
1241 2056 1297 2094 At
1328 2063 1400 2096 'me

726 2124 827 2161 uxor
842 2123 1028 2160 insanum
1043 2123 1143 2160 facit

127 2186 219 2225 Suis
235 2185 371 2225 foedis
387 2187 520 2226 factis.
580 2187 661 2227 BR.
697 2176 751 2226 At
767 2199 842 2238 ego
861 2188 1007 2226 faciam
1025 2192 1070 2226 tu
1092 2187 1201 2226 idem
1215 2190 1260 2224 ut
1276 2185 1397 2224 aliter

727 2253 957 2305 praedices,
1305 2256 1394 2291 1085
