1511 2502
194 147 246 186 66
672 145 984 184 PLAVTI
1208 117 1511 196 miss-34²

193 258 327 295 Etiam
351 246 586 309 Epidicum,
620 271 737 310 quam
762 270 836 308 ego
858 257 1033 297 fabulam
1049 272 1178 312 acque
1195 275 1317 302 acme
1334 264 1462 315 ipsum

797 338 898 375 amo,

192 387 354 427 Nullam
370 389 498 440 aeque
514 389 666 426 inuitus
683 389 838 440 specto,
854 389 888 427 si
904 390 986 440 agit
1000 388 1149 431 Pollio.
1397 398 1463 432 215

193 454 265 492 Set
280 454 447 492 Bacchis
464 455 585 492 etiam
599 453 720 491 fortis
736 455 812 492 tibi
828 455 1005 493 uissast?
1046 456 1108 496 ΡΙ.
1140 456 1272 507 Rogas
1284 457 1304 494 ‘3

191 520 226 557 N
230 520 240 556 i
258 522 427 558 nanctus
443 519 650 559 Venerem
667 531 812 570 essem,
829 521 932 558 hanc
948 521 1142 559 Iunonem
1158 520 1365 562 ducerem.

194 587 277 626 CH.
309 586 492 638 Edepol,
524 585 781 625 Mnesiloche
794 615 805 637 7
835 591 880 624 ut
902 599 990 625 rem
1015 588 1118 625 hanc
1143 592 1276 626 natam
1293 600 1384 627 esse
1400 589 1461 626 in—

792 652 962 705 tellego‚

192 720 309 771 Quod
324 721 431 758 ames
446 723 689 771 paratumst:
723 720 830 770 quod
847 720 918 758 des
935 721 1145 759 inuentost
1160 735 1272 774 opus.

191 786 289 824 Nam
304 787 407 824 istoc
424 785 599 823 fortasse
617 786 753 822 aurdst
770 798 880 836 opus.
920 785 984 824 ΡΙ.
1016 785 1231 838 Philippeo
1249 786 1424 838 quidem.

192 852 276 891 CH.
322 851 457 902 Atque
490 847 538 889 ἑο
568 849 743 887 fortasse
773 850 852 888 iam
887 854 1016 902 opust.
1076 850 1138 890 ΡΙ.
1183 851 1306 890 Immo
1336 853 1458 890 etiam

790 916 924 968 prius:
1392 923 1455 956 221

192 982 382 1020 Narniam
397 982 477 1020 huc
497 981 688 1020 adueniet
703 979 818 1019 miles
837 1012 844 1020 .
866 1012 873 1019 .
920 980 1005 1019 CH.
1035 980 1089 1018 Et
1104 980 1220 1019 miles
1242 980 1415 1033 quidem.

192 1048 249 1087 ΡΙ.
284 1049 361 1097 Qui
378 1047 428 1086 de
448 1046 671 1086 amittunda
686 1045 889 1086 Bacchide
906 1059 1045 1085 aurum
1060 1047 1127 1085 hic
1145 1048 1280 1098 exigit.

191 1113 274 1152 CH.
306 1112 509 1151 Adueniat
526 1112 684 1164 quando
702 1112 788 1151 uolt
804 1116 924 1163 atque
940 1113 997 1151 ita
1011 1125 1064 1151 ne
1081 1115 1133 1151 sit
1148 1125 1298 1152 morae.

191 1170 365 1216 Domist:
395 1191 476 1215 non
493 1182 628 1216 metuo
645 1179 743 1216 mihi
759 1190 835 1216 nec
856 1178 1071 1229 quoiquam
1087 1177 1285 1230 supplico,
1389 1183 1455 1217 225

188 1246 290 1283 Dum
308 1243 472 1295 quidem
488 1244 565 1282 hoc
581 1243 735 1282 ualehit
750 1244 893 1296 pectus
910 1243 1083 1296 perfidia
1099 1255 1242 1282 meum.

187 1313 265 1350 Abi
285 1313 415 1349 intro:
448 1322 522 1361 ego
540 1311 607 1348 hic
625 1312 783 1349 curabo.
816 1315 859 1349 tu
876 1311 985 1348 intus
1003 1309 1127 1348 dicito

188 1375 487 1414 Mnesilochum
504 1375 646 1414 adesse
663 1375 869 1415 Bacchidi.
914 1375 976 1414 ΡΙ.
1007 1374 1170 1413 Faciam
1188 1377 1231 1414 ut
1246 1375 1374 1414 iubes.

188 1442 273 1480 CH.
305 1442 521 1493 Negotium
538 1442 588 1480 ad
604 1455 667 1481 me
683 1443 761 1480 hoc
778 1442 925 1480 attinet
942 1442 1154 1480 aurarium.

185 1506 302 1544 Mille
320 1507 361 1544 et
378 1506 575 1546 ducentos
591 1506 805 1559 Philippos
821 1505 987 1545 tulimus
1005 1507 1149 1544 aureos
1387 1510 1453 1544 230

183 1572 362 1623 Epheso,
387 1584 486 1622 quos
502 1573 651 1623 hospes
669 1572 853 1610 dehibuit
868 1573 1008 1610 nostro
1025 1572 1131 1609 seni:

185 1636 281 1674 Inde
302 1637 374 1687 ego
391 1635 514 1673 hodie
532 1634 704 1686 aliquam
720 1636 980 1673 machinabor
995 1635 1232 1685 machinam,

184 1703 240 1741 Vt
258 1704 398 1741 aurum
415 1702 594 1740 ecficiam
611 1702 758 1739 amanti
776 1700 867 1739 erili
882 1700 985 1741 filio.

186 1769 258 1807 Set
273 1769 374 1807 foris
393 1768 631 1819 concrepuit
647 1768 806 1805 ndstra:
836 1767 996 1818 quinam
1012 1768 1093 1805 exit
1108 1767 1217 1804 foras
1229 1767 1248 1804 ’.ἒ

472 2001 778 2038 Νῐοοενῐ,νε.
840 2000 1156 2038 CHRVSALVS.

182 2102 246 2141 Nl.
279 2103 348 2141 Ibo
365 2104 406 2141 l'n
421 2103 632 2142 Piraeum:
661 2103 808 2140 nissam
825 2113 1071 2152 ecquaenam
1088 2099 1302 2139 aduenerit
1382 2106 1448 2141 235

183 2168 226 2205 In
240 2169 401 2219 portum
419 2181 466 2206 ex
480 2169 646 2220 Epheso
662 2167 776 2205 nauis
792 2167 1044 2204 mercatoria.

181 2232 280 2270 Nam
296 2233 408 2270 meus
424 2232 618 2271 formidat
633 2233 800 2281 animus,
817 2239 1000 2270 nostrum
1015 2234 1096 2270 tam
1113 2229 1181 2269 diu

182 2297 239 2334 Ibi
258 2296 447 2336 desidere
464 2298 597 2349 neque
614 2296 751 2335 redire
767 2295 909 2336 filium.
