1511 2502
57 118 297 154 11146-25
502 108 874 150 CAPTIVl.
1263 111 1318 150 89

64 223 398 273 Aristophontes,
419 223 487 273 qui
504 222 551 259 ex
567 225 708 273 parata
724 234 770 259 re
787 223 1009 274 inparatam
1029 224 1187 261 omne'm
1204 223 1314 261 facis.

61 287 244 326 Occisast
279 288 380 326 haec
419 298 508 337 res,
547 287 624 324 nisi
656 288 819 339 reperio
852 289 1032 326 atrocem
1061 290 1113 326 mi
1146 288 1319 339 aliquam

666 352 863 391 astutiam.

60 420 146 458 HE.
185 419 388 470 Sequere:
420 420 469 457 en
496 419 570 456 tibi
597 419 824 469 hominem,
848 419 913 457 adi
938 422 1058 471 atque
1079 419 1317 471 adloquere.

423 484 509 523 TY.
531 484 629 533 Quis
640 484 801 522 homost
812 497 875 523 me
885 485 1090 523 hominum
1101 486 1289 523 miserior
1299 484 1318 520 ’ἔ

116 552 199 590 Ast.
246 550 352 600 Quid
382 551 486 588 istuc
518 555 604 600 est,
634 549 744 602 quod
773 549 884 589 meos
909 555 951 588 te
983 550 1112 589 dicam
1143 551 1319 601 fugitare

668 614 829 666 oculos,
858 615 1066 667 Tyndare,
1254 621 1319 654 541

113 681 277 732 Proque
315 683 453 732 ignoto
493 693 556 719 me
598 682 830 732 aspernari,
869 681 982 731 quasi
1012 692 1076 718 me
1105 692 1320 731 numquam

668 747 861 783 ndueris'?

115 799 316 860 Equidem
332 815 412 849 tam
429 824 515 849 sum
532 812 673 849 seruos
692 823 809 861 quam
825 817 881 861 tu,
899 811 977 849 etsi
995 811 1069 861 ego
1091 810 1197 849 (lomi
1212 809 1321 847 libe‘r

666 876 739 926 fui,

117 944 181 982 'l'u
200 945 326 994 usque
343 958 363 981 a
377 956 505 995 puero
524 945 765 982 se'ruitutem
785 944 991 981 seruiuisti
1007 944 1049 980 in
1066 931 1198 980 Alide.

115 1010 202 1047 HE.
236 1000 394 1061 Edepol
421 1011 596 1047 minume
620 1011 768 1058 miror,
799 1010 830 1046 si
857 1014 898 1046 te
924 1008 1072 1058 fugitat
1098 1012 1165 1046 aut
1182 1006 1322 1046 oculos

670 1079 760 1111 tuos
1256 1078 1323 1111 545

117 1140 200 1178 Aut
232 1140 266 1177 si
295 1144 337 1177 te
368 1138 476 1189 odit,
511 1139 578 1189 qui
608 1140 729 1176 istum
763 1137 946 1189 appelles
983 1137 1219 1189 Tffndarum
1246 1151 1321 1188 pro

668 1201 917 1241 Philocrate.

120 1269 208 1308 TY.
240 1269 613 1319 Hegio,hichon16
634 1268 818 1305 rabiosus
837 1268 997 1305 habitus
1015 1268 1138 1306 estin
1158 1256 1296 1304 Alide:

116 1334 177 1372 Ne
194 1338 236 1371 tu
253 1333 362 1384 quod
380 1334 471 1371 istic
488 1332 693 1370 fabuletur
710 1333 818 1369 ain-is
835 1333 1013 1370 inmitnis
1030 1336 1129 1370 tuas.

118 1400 218 1438 NAm
232 1400 325 1437 istic
339 1399 466 1436 hastis
483 1400 704 1436 insectatus
721 1398 783 1435 est
800 1397 907 1435 domi
919 1402 1088 1436 matrem
1099 1399 1323 1450 etpatrem,

122 1454 172 1501 Et
188 1462 275 1501 illic
291 1464 360 1501 isti
384 1464 452 1514 qui
469 1468 652 1514 sputatur
677 1464 840 1500 morbus
858 1462 1062 1501 interdum
1078 1463 1204 1502 uenit.
1257 1467 1325 1500 550

118 1529 244 1567 Proin
261 1533 305 1566 tu
321 1529 368 1566 ab
385 1530 488 1567 istoc
503 1529 645 1580 procul
664 1529 869 1580 apscedas.
909 1530 994 1567 HE.
1029 1520 1146 1568 Vltro
1163 1531 1284 1568 istum
1304 1542 1324 1566 a

670 1606 746 1632 me.
805 1594 887 1632 AR.
919 1595 1019 1644 Ain,
1046 1595 1236 1644 uerbero,

119 1658 190 1697 Me
215 1658 419 1695 rabiosum
446 1663 566 1708 atque
585 1661 826 1696 insectatum
844 1671 934 1697 esse
950 1660 1077 1697 hastis
1093 1671 1226 1697 meum
1241 1671 1315 1697 me-

674 1726 804 1761 moras
820 1728 979 1774 patrem
990 1724 1009 1761 ‘3

120 1778 174 1826 Et
201 1799 292 1825 eum
315 1787 414 1824 mihi
438 1799 528 1825 esse
553 1789 757 1836 morbum,
788 1793 832 1825 ut
855 1789 922 1839 qui
947 1788 1040 1826 med
1064 1791 1164 1840 opus
1188 1789 1241 1826 sit
1264 1788 1327 1825 in-

674 1853 877 1903 sputarier
888 1853 908 1890 ’,ἲ

120 1917 208 1956 ΗΕ.
236 1916 298 1955 Ne
314 1928 476 1966 uerere,
492 1915 640 1954 multos
656 1917 734 1955 iste
752 1918 914 1956 morbus
934 1919 1117 1956 homines
1135 1921 1328 1969 macerat,

122 1982 275 2030 Quibus
290 1982 490 2032 insputari
505 1980 624 2019 saluti
640 1982 719 2020 fuit
736 1986 857 2034 atque
873 1984 907 2021 is
926 1983 1093 2034 profuit.
1259 1989 1327 2022 555

121 2047 204 2084 AR.
232 2045 351 2096 Quid,
370 2050 414 2084 tu
431 2051 565 2084 autem
581 2048 704 2086 etiam
718 2048 812 2086 huic
826 2048 959 2086 credis
971 2049 990 2085 ’.ἲ
1020 2049 1107 2087 ΗΕ.
1135 2049 1240 2098 Quid
1252 2062 1327 2100 ego

501 2111 664 2150 credam
678 2113 801 2151 huic‘.2
831 2114 915 2152 AR.
940 2114 1126 2153 Insanum
1143 2115 1233 2153 esse
1249 2128 1325 2154 me.

124 2177 212 2216 ΤΥ.
254 2176 390 2216 Viden
421 2183 465 2215 tu
494 2179 623 2230 hunc,
656 2191 773 2230 quam
798 2180 961 2217 inimico
985 2179 1102 2218 uoltu
1125 2181 1297 2218 intuitur
1308 2182 1329 2218 *ἒ

675 2244 846 2282 concedi
862 2246 1120 2297 optumumst,
