1511 2502
79 147 326 181 11148—66
480 136 955 176 AMPHITRVO.
1302 140 1356 178 -29

80 250 223 301 Neque
250 250 347 299 tibi,
385 249 676 300 [Amphitruost
722 251 824 286 istuc
854 250 999 287 mirum
1032 251 1157 300 mdgis
1190 250 1356 289 uidetur

692 317 808 364 quzim
827 315 937 352 mihi.
1287 320 1354 354 595

81 382 175 420 AM.
207 381 293 430 Quo
324 379 473 418 modo?
531 379 607 418 SO.
637 378 791 430 Nihilo,
823 383 997 430 inquam,
1028 381 1214 418 mirumst
1228 382 1354 432 mzigis
1421 390 1431 398 ⁵

690 446 765 483 tibi
782 446 886 483 istuc
904 448 1021 495 (111ῑί111
1036 445 1155 482 1111111;

80 512 244 563 Neque,
275 513 331 549 ita
369 511 409 549 di
450 524 513 549 me
555 513 711 559 ament,
750 511 968 549 credebam
1007 514 1137 562 priino
1168 512 1354 550 mihimet

694 577 849 625 Sosiae,

83 642 222 679 Donec
239 640 355 679 Sosia
372 642 534 691 egomet
553 640 626 679 ille
644 642 745 679 fecit
761 643 839 680 sibi
857 642 915 679 uti
933 641 1160 679 crederem.

84 696 240 744 Ordine
275 706 420 759 omnia,
456 709 504 747 ut
529 708 704 757 quicque
732 711 925 756 actumst,
958 708 1079 757 quom
1104 713 1201 758 aput
1222 708 1352 745 hostIS

692 772 883 823 sedimus,

83 827 377 875 Edissertauit:
396 842 481 876 tum
496 839 668 876 formam
685 852 762 876 una
779 837 950 889 apstulit
972 852 1060 876 cum
1078 840 1254 877 nomine.
1285 844 1353 878 600

84 903 225 953 Ne'que
256 901 321 941 lac
345 902 443 942 lacti
469 905 593 954 mdgis
619 910 683 942 est
708 903 841 942 simile
869 917 986 954 quam
1011 904 1082 943 ille
1108 918 1183 955 ego
1209 904 1352 943 similis

693 972 755 1008 est
770 972 861 1008 mei.

86 1034 184 1071 Nam
201 1035 245 1072 1'1t
261 1033 410 1072 dudum
427 1034 662 1073 anteh'mem
674 1049 695 1073 a
705 1040 828 1086 portu
839 1036 903 1073 me
913 1036 1163 1086 praemisisti
1175 1035 1351 1084 domum,

84 1099 177 1137 AM.
209 1098 314 1147 Quid
338 1099 493 1149 igitur?
551 1099 629 1138 SO.
660 1100 779 1137 Prius
797 1098 924 1137 multo
943 1104 1036 1137 ante
1062 1099 1174 1138 aedis
1199 1101 1353 1138 stzibam

693 1177 809 1215 quam
830 1163 905 1202 illo
923 1164 1179 1202 adueneram.

83 1227 178 1265 AM.
210 1228 337 1278 Quas,
361 1228 531 1279 malum,
550 1229 705 1279 nugis?
730 1230 834 1267 satin
851 1234 896 1267 tu
912 1232 1030 1267 3311113
1048 1229 1122 1267 es?
1180 1229 1257 1267 ΞΟ.
1285 1229 1351 1267 sie

692 1307 779 1332 sum
795 1295 838 1332 1'1t
856 1293 984 1332 uides.

84 1361 179 1400 AM.
209 1361 313 1398 Huic
337 1361 493 1398 homini
521 1361 660 1398 1103010
687 1361 785 1411 quid
810 1366 873 1399 est
896 1361 989 1400 mali
1017 1360 1122 1399 mala
1147 1361 1352 1399 obiectum

690 1439 822 1475 manu,
1286 1432 1352 1466 605

83 1492 302 1542 Postquam
326 1503 348 1527 a
370 1502 434 1528 me
460 1491 571 1529 abiit.
632 1491 709 1529 SO.
749 1492 922 1529 inteor:
953 1504 1045 1529 nam
1071 1504 1158 1529 sum
1183 1493 1352 1544 optusus

685 1559 831 1608 pugnis
849 1558 1050 1608 pessume.

82 1624 177 1663 AM.
218 1623 316 1672 Quis
345 1627 387 1660 te
418 1623 686 1661 uerberduit?
743 1622 820 1661 ΞΟ.
850 1623 1026 1673 Egomet
1063 1624 1236 1674 memet,
1284 1626 1352 1675 qui

688 1701 795 1725 nune
813 1689 900 1726 311111
916 1687 1036 1726 1101111.

82 1754 176 1793 AM.
208 1753 317 1791 Cdue
335 1753 571 1803 quicquam,
601 1754 680 1791 nisi
706 1752 814 1804 quod
841 1754 994 1804 rogabo
1020 1754 1084 1799 te,
1117 1753 1227 1805 [iam]
1251 1755 1351 1792 mihi

691 1817 972 1868 responderis.

84 1872 270 1920 Omnium
283 1883 458 1932 primum
474 1884 551 1919 iste
569 1882 637 1932 qui
656 1883 709 1919 sit
727 1882 863 1932 sosia,
888 1884 966 1921 hoc
984 1883 1065 1921 dici
1080 1882 1187 1922 uolo.

85 1946 161 1984 SO.
193 1946 304 1984 Tuus
336 1952 399 1984 est
429 1959 582 1984 seruos.
641 1946 737 1985 AM.
767 1947 872 1985 Mihi
898 1948 1062 1998 quidem
1088 1961 1167 1986 uno
1194 1949 1237 1986 te
1258 1946 1350 2000 plus

691 2013 853 2051 etiamst
870 2015 988 2063 quzim
1002 2011 1112 2063 uolo,
1284 2019 1352 2052 610

84 2075 241 2126 Neque,
251 2080 464 2127 postquam
480 2090 567 2115 sum
583 2079 715 2127 nfitus,
727 2078 851 2116 habui
862 2079 939 2116 nisi
950 2082 992 2116 te
1005 2091 1168 2117 seruom
1181 2078 1350 2116 Sosiam.

84 2140 161 2179 SO.
185 2129 240 2179 At
256 2152 330 2191 ego
346 2153 467 2192 nunc,
478 2143 736 2194 Amphitruo,
754 2141 867 2181 dico:
885 2142 1042 2181 Sosiam
1058 2144 1221 2182 serudm
1238 2148 1350 2181 tuum

84 2203 254 2243 Praeter
277 2218 341 2244 me
368 2205 560 2257 alterum,
590 2209 776 2258 inquam,
809 2207 1032 2246 adueniens
1057 2208 1202 2246 fficiam
1227 2212 1272 2246 ut
1289 2207 1350 2245 of-

691 2272 834 2311 fendfis
853 2272 975 2321 domi,
