1511 2502
100 97 194 138 2202
624 101 904 140 PLAVTl
1148 113 1389 146 ιιι-213

544 575 854 638 Ac'rvs
926 576 961 635 1.

215 698 531 737 scamna-10.
572 699 912 736 Pmsmwpvs
952 697 1069 747 (cvm
1109 711 1287 738 'rnmvs

341 762 823 811 Anvnssscssm'rlssvs).
864 763 1160 803 DAEMONES.

226 863 302 903 SC.
334 864 415 902 Pro
434 863 474 902 di
490 863 741 913 inmortales,
757 850 1043 915 tempestatem
1060 864 1202 916 qubius
1219 864 1328 904 modi

224 928 438 980 Neptunus
454 929 570 967 nobis
586 930 707 966 ndcte
723 929 798 966 hac
815 929 924 966 misit
939 930 1142 979 prdxuma

226 994 389 1033 Detexit
404 998 550 1033 uentus
566 993 730 1032 uillam.
760 993 856 1045 quid
872 995 1009 1032 uerbis
1027 995 1176 1046 opust?
1337 999 1381 1034 85

224 1060 315 1099 Non
330 1061 476 1098 uentus
491 1060 582 1109 fuit,
604 1072 745 1097 uerum
766 1047 986 1097 Alcumena
1000 1059 1208 1111 Euripidi:

222 1127 282 1165 [ta
295 1129 424 1165 omnis
441 1126 492 1164 de
508 1130 618 1165 tecto
638 1125 872 1164 deturbauit
887 1124 1063 1175 tegulas:

221 1192 485 1231 inlustriores
501 1193 602 1230 fecit
616 1192 879 1242 fenstrasque
896 1190 1055 1229 indidit.

221 1257 302 1297 PL.
334 1258 389 1297 Et
404 1259 477 1296 uds
495 1271 515 1295 a
531 1257 682 1295 uostris
701 1255 847 1294 abduxi
863 1256 1038 1306 negdtiis

225 1323 368 1374 Neque
386 1322 427 1360 id
443 1323 660 1374 processit,
680 1324 756 1373 qua
772 1334 844 1359 uos
862 1320 956 1359 duxi
973 1322 1122 1372 gratia:
1335 1326 1379 1362 90

222 1388 396 1439 Nequiui
414 1388 464 1426 ad
478 1393 640 1440 portum
656 1388 849 1426 lenonem
863 1386 1140 1439 prehendere.

224 1453 298 1492 Set
313 1453 401 1492 mea
420 1453 576 1491 desidia
593 1454 705 1505 spe'm
722 1452 919 1491 deserere
934 1452 1065 1491 milui:

222 1519 282 1558 Eo
300 1520 387 1568 uds,
405 1520 534 1569 amici,
552 1518 706 1556 detinui
727 1518 890 1557 diutius.

223 1585 338 1623 Nunc
354 1586 433 1623 hnic
452 1584 502 1622 ad
517 1585 693 1624 Veneris
710 1585 845 1622 fanum
861 1584 982 1621 uenio
999 1586 1149 1633 uisere,

223 1651 303 1689 Vbi
321 1651 407 1688 re'm
425 1649 601 1687 diuinam
619 1650 661 1687 se
677 1650 877 1687 facturum
895 1648 1066 1686 dixerat.
1335 1654 1378 1687 95

225 1716 302 1756 SC.
337 1716 379 1754 Si
403 1716 566 1767 sapiam,
592 1715 670 1752 hoc
688 1713 796 1765 quod
812 1726 876 1751 me
894 1714 1046 1751 mantat
1062 1714 1300 1752 concinnem
1315 1712 1379 1751 lu-

718 1785 814 1817 tum.

225 1845 305 1885 PL.
350 1845 487 1897 Prope
529 1858 594 1883 me
632 1846 698 1883 hic
726 1847 865 1884 nescio
899 1846 988 1897 quis
1021 1844 1219 1896 ldquitur.
1276 1845 1377 1884 ΒΕ,

722 1911 848 1961 Heus,
869 1912 1104 1963 Scepzirnio.

225 1975 300 2014 Sc.
334 1976 410 2025 Qui
439 1977 619 2014 ndminat
640 1976 734 2014 me?
777 1978 875 2015 DAE.
907 1978 984 2026 Qui
1007 1990 1082 2029 pro
1106 1981 1149 2015 te
1166 1978 1377 2028 argentum

723 2046 847 2081 dedit.

222 2107 298 2147 SC.
330 2107 453 2155 Quasi
469 2108 533 2145 me
549 2112 661 2146 tuum
677 2120 767 2146 esse
785 2110 946 2146 seruom
962 2107 1086 2157 dicas,
1107 2107 1346 2145 Daemones.

222 2173 322 2211 ΒΕ.
353 2172 457 2210 Luto
475 2174 589 2212 usust
605 2172 744 2224 multo,
762 2174 929 2212 multam
946 2179 1098 2212 terram
1116 2171 1301 2211 cdnfode.

219 2235 370 2277 Villam
390 2238 652 2289 integundam
666 2239 862 2291 intellego
880 2243 1004 2278 totam
1021 2238 1140 2276 mihi:
1312 2241 1373 2274 101
