1511 2502
145 117 227 157 :260
624 114 652 152 P
678 114 706 152 L
733 113 765 152 A
794 113 826 150 V
855 114 883 152 T
913 113 930 151 I
1147 127 1203 157 1111
1229 126 1246 158 1
1272 124 1408 160 56-72

147 229 225 277 Qui
243 228 331 266 seni
346 226 404 265 illi
420 226 682 265 concubinam
700 224 796 264 dare
814 224 990 264 dotatam
1006 225 1148 264 noluit.

145 293 230 331 AN.
264 290 397 332 senex
412 290 576 342 quidem
591 290 734 341 uoluit,
750 291 784 329 si
799 296 953 342 posset,
970 291 1159 343 indipisci
1175 291 1227 330 de
1243 293 1352 331 cibo:

148 359 250 407 Quia
265 360 420 409 nequit,
438 370 514 408 qua
528 355 622 408 lege
635 356 752 395 licuit
766 355 878 395 uelle
895 356 996 395 dixit
1011 357 1117 395 fieri.

147 423 300 462 “Fiat”
337 421 411 461 ille
445 423 577 473 inquit
615 420 864 461 adulescens.
911 421 1026 461 ‘facis
1054 423 1247 473 benigne’
1275 423 1406 472 inquit

747 499 882 526 senex.
1341 492 1406 526 565

146 554 334 592 ‘Habeon
358 565 445 591 rem
467 557 624 605 pactam
634 553 670 591 ‘3’
701 553 842 602 inquit.
876 552 1053 590 “faciam
1076 552 1164 590 ita’'
1186 551 1317 602 inquit
1333 553 1408 589 “ut

744 617 836 655 fieri
851 616 1011 655 uoles.'’

146 686 218 724 Se't
244 697 318 734 ego
343 685 409 721 ibo
428 684 537 720 intro
555 687 597 720 et
614 680 846 732 gratulabor
865 684 1046 720 udstrum
1062 682 1278 721 aduentum
1294 682 1405 721 filiis,

145 749 268 787 Poste
308 749 374 785 ibo
404 746 557 785 lautum
587 747 629 784 in
659 745 847 797 puelum:
883 747 941 784 ibi
969 746 1119 785 foue'bo
1154 747 1407 784 senectutem

747 823 895 849 meam:

146 879 269 917 Poste
287 878 354 916 ubi
369 876 523 927 lauero,
541 878 692 915 otiosus
708 879 780 915 uos
798 878 989 928 opperiar
1007 875 1221 916 adcubans.

145 945 227 982 PA.
268 943 515 996 Graphicum
544 942 756 981 mortalem
786 930 1081 995 Antiphonem:
1122 947 1166 981 ut
1198 940 1409 994 apologum

748 1007 848 1046 fecit
863 1007 990 1045 fabre.
1342 1011 1411 1045 570

146 1063 277 1112 Etiam
293 1086 399 1111 nunc
416 1071 613 1111 scelestus
629 1084 719 1111 sese
736 1071 849 1110 ducit
864 1085 938 1123 pro
957 1070 1273 1111 adulescentulo.

145 1139 315 1177 Dabitur
339 1138 491 1175 homini
518 1139 664 1188 amica,
693 1142 814 1176 noctu
836 1138 936 1187 quae'
960 1138 1001 1175 in
1016 1135 1124 1175 lecto
1143 1138 1331 1175 occentet
1346 1148 1410 1175 se-

748 1214 860 1240 nem:

145 1268 325 1318 Nailislue
357 1265 506 1318 edepol
536 1266 635 1306 aliut
668 1266 829 1317 quidem
858 1264 922 1303 illi
954 1265 1049 1317 quid
1080 1267 1204 1304 amica
1236 1278 1334 1317 opus
1358 1266 1410 1303 sit

744 1332 894 1370 nescio,

147 1396 217 1435 Se't
237 1396 332 1448 quid
348 1397 429 1447 agit
444 1399 644 1448 parasitus
661 1403 801 1436 noster
818 1396 1044 1435 Gelasimus
1055 1396 1074 1433 ‘3
1106 1397 1227 1434 etiam
1242 1394 1382 1434 ualet?

146 1462 226 1501 ΕΡ.
269 1461 364 1500 Vidi
395 1461 544 1513 edepol
573 1463 777 1501 hominem
806 1461 885 1500 ha1¹1
907 1460 1149 1513 perdudum.
1195 1460 1277 1499 PA.
1306 1459 1412 1509 Quid

750 1527 860 1578 agit?
901 1526 983 1565 ΕΡ.
1016 1526 1133 1575 Quod
1148 1524 1368 1565 famelicus.

147 1592 228 1630 PA.
260 1592 364 1640 Quin
383 1591 536 1629 uocasti
551 1591 756 1630 hominem
774 1591 839 1641 [aid
856 1591 914 1642 te]
934 1590 984 1629 ad
1005 1591 1175 1629 cenam?
1218 1590 1300 1631 ΕΡ.
1331 1589 1412 1628 Νέ-

751 1654 848 1706 quid
864 1653 1085 1694 adueniens
1101 1653 1332 1707 perderem.
1345 1659 1410 1694 576

150 1708 284 1771 Atque
301 1731 440 1758 eccum
456 1720 531 1758 tibi
547 1718 685 1772 lupum
702 1719 744 1757 in
761 1730 967 1757 sermone:
995 1720 1189 1771 praesens
1206 1719 1410 1759 essuriens

749 1783 878 1822 adest.

149 1848 231 1889 PA,
264 1847 541 1889 Ludificemur
570 1850 786 1890 hdminem.
835 1848 915 1887 ΕΡ.
947 1848 1066 1900 capti
1090 1847 1235 1888 consili
1261 1859 1414 1888 memo-

747 1913 836 1954 rem
857 1925 1008 1953 mones,

652 2095 836 2103 m·
846 2094 907 2101 *n-
