1511 2502
54 200 305 235 1124—27
493 191 867 231 CAPTIV1.
1264 192 1314 234 67

161 303 197 340 N
200 317 262 342 am
277 306 492 355 pdstquam
508 315 620 341 meus
638 308 701 342 est
717 305 789 342 re'x
804 304 959 355 potitus
975 305 1167 356 hdstium,

163 363 251 423 [Ita
268 369 407 420 [enim]
424 368 671 419 belligerant
690 372 797 408 nunc
808 370 945 408 Aetoli
963 384 1051 409 cum
1071 359 1203 410 Aleis:

161 434 262 471 Nam
278 434 441 473 Aetdlia
456 435 558 472 haec
575 438 658 472 est:
691 433 790 472 sslist
808 437 948 485 captus
969 435 1012 471 in
1031 422 1154 472 Alide

156 498 461 551 Philopdlemus
477 500 595 538 huius
612 500 810 550 Hegionis
832 499 943 538 filius
1272 506 1314 540 95

164 565 282 603 Senis
310 566 378 616 qui
394 566 461 603 hic
476 566 656 604 habitat:
682 578 783 617 quae
805 565 927 603 aedes
943 565 1209 604 lamentariae

164 630 271 669 Mihi
288 632 404 681 sunt,
431 644 528 682 quas
547 632 942 682 quotiensququue
959 632 1187 682 conspicui,
1204 626 1314 687 fleo]

161 695 276 734 Nunc
292 697 359 734 hic
377 698 538 748 occepit
556 697 768 748 quae'stum
784 697 891 735 hunc
906 695 966 734 fili
983 697 1113 746 gratia

162 762 423 801 Inhonestum
434 791 445 813 ‚
469 775 651 801 maxume
668 762 843 801 alienum
858 763 1022 813 ingeniti
1039 775 1132 800 suo:

161 828 359 866 Homines
377 829 558 880 captiuos
576 831 881 879 cdnmercatur,
905 831 940 866 si
957 833 1079 879 queat
1249 835 1316 868 100

161 892 353 943 Aliquem
372 895 582 944 inuenire,
606 892 718 933 suum
736 895 804 946 qui
824 898 953 932 mutet
969 895 1112 934 filium.

159 958 277 1008 Quod
296 959 460 1009 quidem
477 972 552 1010 ego
577 960 696 998 nimis
726 973 842 1010 quam
870 961 989 1011 cupio
1009 961 1165 1012 [senex]
1182 964 1227 998 ut
1243 962 1315 998 im-

645 1030 803 1076 petret:

157 1089 257 1127 Nam
273 1090 314 1126 ni
333 1087 445 1127 illum
462 1091 631 1141 recipit,
658 1090 760 1128 nihil
779 1094 842 1128 est
859 1103 937 1140 quo
955 1103 1019 1128 me
1035 1091 1243 1142 recipiam.

159 1153 278 1193 Nulla
294 1155 517 1192 iuuentutis
534 1156 627 1206 spe‘s
647 1159 729 1193 est:
753 1167 843 1192 sese
861 1156 1000 1192 omne's
1017 1160 1162 1194 amant.

162 1220 235 1259 Ille
254 1219 414 1259 demum
431 1222 608 1272 antiquis
628 1222 691 1258 est
708 1220 948 1259 adulescens
965 1221 1159 1271 mribus,
1248 1226 1313 1260 105

163 1287 314 1336 Quoius
331 1288 548 1338 numquam
563 1285 719 1325 uoltum
734 1285 997 1337 tranquillaui
1014 1287 1168 1336 gratiis.

163 1352 376 1402 condigne
391 1357 510 1403 pater
527 1357 590 1391 est
609 1350 695 1391 eius
712 1356 890 1390 moratus
906 1352 1099 1391 mdribus.

159 1417 275 1456 Nunc
292 1417 342 1456 ad
359 1430 451 1456 eum
466 1431 647 1470 pergam.
695 1419 758 1456 se‘t
775 1419 958 1470 aperitur
975 1419 1136 1467 (istium,

160 1481 279 1521 Vnde
296 1482 511 1520 saturitate
528 1484 650 1534 saepe
668 1495 743 1534 ego
762 1483 868 1522 exiui
887 1483 1035 1522 ebrius.

313 1816 463 1855 Huc-10.
522 1815 743 1854 LoRAluvs.
803 1816 1048 1855 ERGAsuvs.

158 1927 247 1966 HE.
279 1924 463 1964 Adudrte
482 1927 656 1965 animum
672 1927 750 1965 huc
768 1928 843 1965 sis:
867 1928 967 1964 istos
985 1927 1167 1979 captiuds
1185 1925 1285 1964 duos

162 1992 267 2030 Heri
284 2003 384 2042 quos
402 1992 480 2029 emi
499 1991 550 2030 de
565 1991 719 2043 praeda
736 2005 757 2029 a
774 1992 1072 2043 quaestdribus⁷
1251 1999 1311 2032 111

161 2058 236 2096 His
253 2056 383 2095 indito
402 2058 563 2095 catenas
580 2056 834 2108 singularias,

156 2123 255 2161 Istas
272 2123 445 2160 maiores
464 2124 608 2173 quibus
625 2127 719 2161 sunt
734 2124 861 2161 uincti
877 2123 1042 2162 demito.

158 2188 290 2227 sinito
308 2187 533 2239 ambulare,
557 2191 592 2227 si
605 2189 730 2239 foris,
758 2190 792 2227 si
807 2189 917 2226 intus
934 2188 1096 2226 uolent:

157 2253 230 2292 Set
245 2254 305 2292 uti
320 2253 591 2292 adseruentur
606 2257 749 2305 magna
766 2253 988 2304 diligentia.
1252 2258 1310 2290 115

159 2319 284 2357 Libe'r
303 2320 483 2370 captiuos
502 2321 586 2357 auis
604 2320 718 2357 ferae
737 2317 958 2356 consimilis
981 2322 1063 2354 est:

987 2381 1041 2418 5*
