1511 2502
68 144 382 179 1114115-512
521 142 831 183 CAPTlv
865 142 892 182 1.
1289 142 1346 183 95

122 257 366 304 Sssprufust,
414 255 665 306 aliquantum
696 255 875 305 crispus2
921 255 1183 293 cIncinnatus.
1256 256 1343 295 HE.

694 319 909 357 Conuenit.

128 388 215 426 TY.
247 376 301 425 <st
320 384 485 437 quidem
499 384 641 423 hercle
662 385 703 422 in
719 383 897 421 medium
914 396 989 435 ego
1014 384 1138 422 hodie
1153 386 1343 437 pessume

689 450 984 501 processerim:

129 520 210 558 Vae
236 518 318 557 illis
344 518 470 567 uirgis
494 517 668 566 miseris,
693 528 796 566 quae
820 515 944 554 hodic
970 517 1012 554 in
1029 517 1144 566 tergo
1164 517 1342 554 morien-

677 583 744 619 t1‘1r
769 593 873 620 meo.
1273 587 1343 620 650

123 651 209 689 ΠΕ.
239 650 378 689 Vetrba
403 649 503 686 mihi
528 647 620 686 data
646 648 736 685 esse
762 647 896 686 uideo.
957 647 1045 686 TY.
1079 648 1185 697 Quid
1207 661 1341 686 cessa-

672 714 748 763 tis,
780 712 1000 764 conpedes,

123 780 304 819 currere
336 778 386 817 ad
414 790 480 816 me
507 778 677 829 me'aque
707 777 897 829 amplecti
929 779 1070 829 crura,
1101 783 1145 817 ut
1175 792 1246 817 uos
1272 792 1342 817 cu-

674 843 876 881 stodiam?

123 909 210 949 ΗΕ.
243 909 356 947 Satin
373 908 435 947 illi
452 921 516 947 me
534 908 658 946 hodie
676 907 844 947 scelesti
868 910 976 960 capti
993 911 1193 961 ceperunt
1211 908 1306 947 doio
1319 910 1339 946 22

123 963 213 1011 illic
232 986 394 1012 seruom
413 986 457 1011 se
482 972 764 1023 adsimulabat,
794 974 860 1012 hic
878 986 969 1012 sese
995 979 1129 1013 autem
1144 974 1336 1014 liberum.

122 1039 347 1077 Nticuleum
372 1040 510 1088 amisi,
541 1040 693 1077 retinui
720 1040 881 1089 pigneri
909 1041 1126 1090 putamina.
1270 1045 1338 1079 655

121 1094 179 1142 ita
209 1106 263 1143 mi
296 1104 446 1143 stolido
476 1105 611 1142 susum
640 1117 804 1142 norsum
836 1117 880 1142 os
911 1104 1132 1143 subleuere
1162 1106 1335 1144 offticiis.

123 1171 202 1208 Hic
220 1169 384 1221 quidem
400 1182 464 1208 me
480 1183 695 1221 numquam
711 1168 921 1209 inridebit.
963 1169 1161 1221 Colath
1182 1170 1338 1209 Corda-

671 1235 741 1284 lic,
765 1236 909 1285 Corax,

121 1291 180 1338 ite
198 1301 332 1350 istinc,
351 1301 507 1338 ecferte
523 1300 621 1338 lora.
660 1300 742 1338 LO.
771 1300 874 1337 Num
889 1299 1086 1350 lignatum
1108 1301 1304 1339 mittimur
1316 1303 1336 1339 ’.ἱ

174 1367 261 1404 HE.
295 1367 439 1404 Inicite
468 1367 642 1404 manicas
674 1366 882 1416 [actutum]
913 1367 1007 1404 huic
1035 1368 1256 1417 mastigiae.

178 1431 265 1470 TY.
297 1431 403 1480 Quid
430 1432 507 1469 hoc
525 1432 588 1469 est
604 1432 773 1482 negoti?
810 1431 908 1482 quid
927 1444 1001 1483 ego
1028 1431 1215 1483 deliqui?
1245 1433 1333 1470 HE.

669 1497 832 1547 Rogas?
1267 1503 1339 1537 660

175 1561 294 1599 Sator
311 1565 526 1612 sartorque
543 1561 746 1600 scelerum
764 1568 806 1600 et
822 1575 979 1601 messor
995 1565 1190 1602 maxume.

178 1627 266 1666 TY.
297 1627 388 1665 Non
413 1629 643 1666 occatorem
659 1630 773 1679 prius
794 1627 970 1666 audebas
996 1627 1167 1667 dicere?

172 1691 272 1730 Nam
295 1693 457 1744 semper
482 1698 626 1731 occant
649 1695 761 1745 prius
787 1707 905 1745 quam
922 1694 1079 1732 sariunt
1093 1695 1249 1734 rustici.

175 1757 262 1796 HE.
294 1758 404 1808 Atat,
430 1763 474 1796 ut
491 1759 747 1797 confidenter
762 1760 861 1797 mihi
879 1764 1022 1798 contra
1037 1762 1178 1801 astitit.

180 1824 267 1862 TY.
300 1824 431 1863 Decet
461 1827 721 1863 innocentem
751 1826 913 1863 seruom
943 1825 1180 1878 [hominem]
1212 1831 1336 1878 atque

674 1891 880 1929 innoxium
1266 1898 1334 1932 665

177 1955 467 1994 confidentem
485 1968 590 2006 esse,
615 1968 729 1994 suum
745 1960 840 2008 aput
857 1968 972 1994 erum
986 1958 1263 2009 potissumum.

175 2019 260 2058 ΗΕ.
291 2020 519 2071 Astringite
535 2021 604 2058 isti
621 2020 740 2059 sultis
756 2022 1026 2060 uehementer
1042 2035 1191 2062 manus.

179 2085 269 2124 TY.
311 2086 424 2124 'rufis
455 2099 556 2137 sum,
582 2091 627 2125 tu
657 2088 730 2125 has
764 2087 927 2138 quidem
954 2087 1098 2139 [mihi]
1124 2088 1191 2127 uel
1214 2102 1334 2141 prae·

681 2153 762 2191 cidi
778 2154 884 2191 iube.

172 2215 245 2254 Set
263 2216 361 2268 qu1'd
375 2218 556 2268 negotist
581 2230 698 2268 quam
724 2220 772 2256 ob
793 2231 878 2256 rem
895 2219 1108 2256 suscenses
1124 2219 1255 2257 mihi?

173 2280 264 2320 ΗΕ.
286 2281 388 2330 Quia
398 2281 461 2320 me
477 2294 688 2334 meamque
700 2284 800 2334 rem,
819 2282 927 2334 quod
939 2284 980 2321 in
994 2288 1034 2322 te
1047 2284 1125 2321 und
1142 2283 1235 2333 fuit,
1267 2288 1339 2325 670
