1511 2502
172 125 227 165 64
651 121 960 161 PLAVTI
1146 132 1441 169 1252-1128

172 235 339 286 Fecisti,
371 248 490 287 quom
506 235 636 273 istanc
652 233 831 273 nanctu’s
848 233 1138 287 inpudentiam.

171 301 296 339 Peior
311 301 504 352 magister
520 301 561 339 te
577 301 703 338 istaec
723 299 874 351 docuit,
890 301 971 338 non
990 312 1077 350 eg0.

171 366 337 405 Nimid’s
353 371 398 404 tu
415 365 465 404 ad
480 367 577 404 istas
593 367 660 404 res
678 363 901 417 discipulus
919 362 1093 403 docilior

171 432 300 482 Quam
316 432 366 470 ad
383 431 455 470 illa
472 443 573 483 quae
590 435 631 469 te
649 429 782 480 docui,
799 431 867 468 ubi
884 443 1047 483 operam
1064 429 1239 483 pe'rdidi.
1373 436 1438 472 165

172 496 333 549 Edepol
349 497 485 535 fecisti
502 496 656 534 furtum
670 496 713 533 in
730 495 904 533 aetatem
919 495 1078 546 malum,

172 563 302 611 Quom
317 562 443 600 istaec
459 561 611 611 flagitia
626 561 691 598 me
707 558 893 599 celauisti
910 561 952 599 et
966 566 1135 613 patrem.

170 627 233 666 Pl.
264 627 488 666 Istactenus
505 627 594 676 tibi,
609 623 738 675 Lude,
754 623 925 664 libertas
943 624 1075 664 datast

172 691 401 730 Orationis:
433 692 529 730 satis
547 695 622 730 est.
654 702 829 741 sequere
844 690 919 728 hac
935 703 999 729 me
1017 694 1060 729 ac
1076 695 1178 732 tace.

618 931 985 971 CHRVSALVS.

169 1033 297 1074 Erilis
312 1034 444 1086 patria
463 1032 588 1083 salue,
607 1046 724 1084 quam
742 1045 815 1084 ego
833 1034 997 1072 biennio
1372 1037 1439 1075 170

170 1100 389 1151 Postquam
411 1101 505 1138 hinc
522 1100 563 1137 in
578 1099 784 1150 Ephesum
802 1100 881 1137 abii
899 1099 1103 1151 conspicio
1120 1097 1275 1137 lubens.

171 1165 311 1204 Saluto
331 1169 387 1213 te,
404 1166 538 1203 uicine
555 1163 720 1216 Apollo,
739 1165 805 1215 qui
823 1163 988 1202 ae'dibus

170 1231 427 1282 Propinquos
444 1231 594 1268 nostris
612 1229 778 1279 adcolis,
795 1231 1031 1280 uenerdque
1047 1233 1089 1268 te

170 1297 230 1335 Ne
246 1295 486 1334 Nicobulum
502 1297 567 1334 me
583 1297 688 1333 sinas
705 1297 888 1333 nostrum
905 1307 1042 1333 senem

170 1361 289 1399 Prius
308 1362 528 1399 conuenire
547 1363 663 1412 quam
681 1359 861 1398 sodalem
877 1359 1051 1398 uiderim
1371 1364 1436 1400 175

170 1427 414 1467 Mnesilochi
429 1426 714 1476 Pistoclerum,
733 1438 851 1477 quem
869 1424 918 1463 ad
935 1424 1149 1477 epistulam

171 1492 450 1531 Mnesilochus
467 1492 596 1530 missit
614 1493 737 1543 super
754 1492 879 1529 amica
893 1490 1107 1529 Bacchide.

430 1719 801 1758 P1s'rocLEnvs.
858 1718 1169 1756 CHRvSALvs.

169 1819 231 1859 ΡΙ.
264 1819 458 1858 Mirumst
472 1831 535 1857 me
552 1823 597 1856 ut
612 1818 778 1856 redeam
792 1822 835 1856 te
853 1820 978 1869 opere
995 1823 1106 1856 tanto
1124 1818 1334 1869 quaesere,

170 1885 248 1933 Qui
267 1884 379 1921 abire
396 1884 490 1921 hinc
508 1882 621 1921 nullo
638 1887 755 1935 pacto
772 1884 936 1935 possim,
956 1885 989 1921 si
1004 1881 1147 1921 uelim:

169 1948 228 1986 Ita
244 1951 308 1987 me
323 1948 511 1987 uadatum
527 1951 661 1987 amore
677 1949 936 1999 uinctumque
954 1949 1114 1987 attines.
1367 1952 1434 1988 180

170 2014 255 2051 CH.
287 2014 367 2052 Pro
386 2013 427 2052 dj
443 2013 692 2062 mmortales,
707 2012 981 2051 Pistoclerum
997 2014 1221 2065 conspicor.

170 2078 204 2117 O
221 2078 465 2128 Pistoclere,
483 2079 607 2118 salue.
651 2079 713 2117 ΡΙ.
743 2079 876 2129 Salue,
895 2077 1106 2117 Chriisale.

170 2143 256 2182 CH.
288 2143 503 2195 Conpendi
519 2145 645 2182 uerba
660 2143 785 2182 multa
800 2145 879 2182 iam
894 2144 1039 2182 faciam
1055 2144 1141 2183 tibi.

169 2208 324 2247 Venire
340 2213 384 2246 tu
400 2221 463 2247 me
481 2209 651 2260 gaudes:
684 2222 758 2261 ego
775 2209 898 2247 credo
916 2210 1001 2249 tibi.

169 2274 400 2327 Hospitium
417 2280 457 2314 et
475 2288 614 2315 cenam
628 2275 842 2329 pollicere,
859 2280 904 2314 ut
921 2275 1112 2314 conuenit
1366 2276 1434 2312 18⁵
