1511 2502
188 143 243 184 58
666 143 978 184 PLAVTI
1240 157 1462 193 1112-29

185 257 285 296 Nam
310 257 344 294 si
367 257 470 295 haec
494 257 644 295 habeat
667 257 808 295 aurum
834 257 944 309 quod
966 257 1027 296 illi
1050 259 1308 312 rcnumeret,
1337 262 1461 301 faciat

253 362 258 365 .
779 321 937 362 lubens.

184 387 246 426 ΡΙ.
279 377 359 426 x'sbi
375 400 481 426 nunc
498 388 533 425 is
549 387 741 425 homost?
781 387 864 425 BA.
895 388 977 426 Iam
995 388 1062 426 hic
1079 388 1203 427 credo
1221 389 1366 429 aderit.
1395 392 1459 430 sdt

782 453 860 491 hoc
876 452 985 491 idem
1002 457 1097 505 aput
1115 466 1188 492 nos
1204 456 1357 494 rcctius

182 518 346 557 Pdteris
375 530 518 569 agere:
549 522 670 569 atque
693 519 726 556 1's
753 517 847 557 dum
869 519 1008 556 ueniat
1035 517 1184 557 scdens
1209 520 1266 558 ibi
1294 523 1457 573 opperi-

782 585 903 623 bere:

180 638 336 688 Eadem
351 649 521 699 biberis,
539 647 681 687 cadem
698 647 852 686 dedero
871 649 945 686 tibi
961 650 1031 687 ubi
1047 650 1200 688 biberis
1219 651 1383 689 sanium.

180 716 241 754 ΡΙ.
275 715 421 755 Viscus
451 727 588 753 merus
616 716 795 752 nostrast
824 713 1032 753 blanditia.
1087 715 1169 754 BA.
1213 715 1318 765 Quid
1347 715 1455 754 iam‘.²

781 778 842 816 ΡΙ.
874 779 977 828 Quia
994 779 1101 817 enim
1117 779 1330 832 intffllego,
1411 788 1458 820 50

179 846 290 885 Duae
316 846 411 898 [me]
435 859 558 884 unum
583 846 775 898 expetitis
803 844 1053 897 palumbem:
1094 847 1241 897 †perii
1268 846 1452 885 harundo

776 910 860 949 alas
875 911 1081 950 ue'rberat.

178 979 269 1018 Ndn
294 990 369 1030 ego
392 978 498 1016 istuc
529 977 627 1015 mihi
652 976 831 1027 facinus,
861 975 1033 1028 mulier,
1071 976 1330 1017 cdnducibile
1362 990 1452 1018 esse

778 1044 967 1082 arbitror.

178 1110 260 1149 BA.
294 1109 386 1159 Qui,
412 1108 583 1147 amabo?
625 1107 689 1148 Pl.
720 1108 835 1158 Quia,
859 1108 1042 1159 Bacchis,
1059 1108 1238 1148 Bacchas
1256 1111 1391 1149 mctuo
1410 1115 1452 1149 et

783 1172 1003 1212 bacchanal
1018 1178 1142 1213 tuum.

177 1240 258 1281 BA.
288 1239 395 1291 Quid
412 1244 475 1279 est
492 1238 600 1291 quod
620 1239 796 1278 metuis?
826 1239 879 1277 ne'
898 1240 973 1278 tibi
992 1238 1126 1278 lectus
1144 1238 1337 1279 mailitiam
1356 1245 1448 1293 aput

782 1316 846 1343 me
863 1303 1059 1343 suadeat?

175 1372 237 1411 ΡΙ.
270 1371 403 1422 Magis
427 1369 624 1409 inlectum
639 1368 750 1409 tuum
767 1383 886 1422 quam
899 1369 1052 1409 lectum
1067 1371 1224 1409 mctuoz
1255 1370 1357 1409 mala
1373 1371 1448 1410 tu's

774 1436 919 1475 bestia.
1403 1443 1447 1476 55

174 1501 275 1540 Nam
289 1502 382 1540 huic
399 1502 523 1540 aetati
540 1502 620 1540 ndn
638 1500 841 1551 conducit,
859 1500 1019 1551 mulier,
1035 1499 1267 1540 latebrosus
1282 1500 1408 1540 locus.

174 1567 257 1607 BA.
289 1557 462 1618 Egomet
488 1571 584 1618 aput
604 1579 668 1605 me
685 1566 838 1617 ncquid
854 1566 978 1604 stulte
994 1567 1132 1605 facere
1150 1569 1337 1620 occupias
1352 1569 1447 1620 prd-

778 1633 951 1670 hibeam.

175 1698 248 1736 set
272 1709 346 1748 ego
364 1701 460 1750 aput
475 1708 539 1735 me
555 1696 598 1734 tc
615 1708 705 1735 esse
722 1697 772 1734 ob
791 1708 878 1734 eam
894 1708 995 1746 rem,
1022 1695 1137 1736 miles
1156 1711 1276 1749 quom
1293 1698 1445 1748 ueniat,

772 1760 887 1800 uolo:

172 1829 289 1879 Quia,
315 1839 435 1878 quom
457 1831 501 1865 tu
517 1825 665 1878 aderis,
692 1827 785 1865 huic
803 1827 983 1878 mihique
998 1827 1077 1865 hau
1092 1827 1216 1865 faciet
1233 1828 1445 1879 quisquam

780 1893 981 1933 iniuriam.
1166 1886 1185 1903 Ἠ

174 1959 240 1999 Τιί
274 1958 514 2012 prohibebis
557 1958 599 1996 <St
640 1957 782 1997 eadem
824 1971 949 2010 opera
995 1957 1064 1996 tuo
1108 1955 1239 1996 sodali
1281 1960 1447 2010 operam

782 2022 909 2073 dabis,
1400 2027 1445 2061 60

173 2077 227 2126 Ifit
241 2087 314 2127 ille
331 2087 553 2127 adueniens
571 2086 678 2127 tinam
693 2087 787 2126 med
802 2100 892 2126 esse
911 2090 1076 2126 am1'cam
1092 2086 1374 2139 suspicabitur.

171 2152 301 2204 Quid,
332 2154 470 2192 amabo
482 2182 493 2204 ,
525 2153 732 2206 opticuisti
745 2154 764 2191 ‘3
805 2153 866 2191 ΡΙ.
900 2154 1001 2203 Quia
1031 2154 1158 2191 istaec
1187 2150 1328 2204 lepida
1352 2155 1445 2189 sunt

779 2218 1039 2256 memoratui:

173 2271 324 2322 Fladem
345 2283 388 2321 in
403 2296 477 2322 usu
495 2288 616 2335 atque
634 2284 701 2323 [ibi
717 2282 919 2336 periclum
940 2283 1063 2322 facias
1084 2280 1264 2321 aculeata
1281 2284 1389 2333 sunt,
