1511 2502
58 139 348 178 11119124-148
428 130 457 169 Β
487 130 519 169 Α
550 129 578 168 c
611 129 639 169 C
670 128 747 168 111
777 129 809 168 D
842 128 872 167 E
904 129 951 170 S.
1123 108 1126 111 ’
1253 130 1335 172 105

170 244 235 285 NI.
266 245 327 283 Ne
344 242 418 282 ille
437 240 585 294 edepol
599 241 754 293 Ephesi
774 240 901 280 multo
920 241 1136 281 mauelle'm
1154 243 1278 293 foret,

170 309 273 347 Dum
290 307 422 347 saluos
441 311 565 357 esset,
585 309 701 357 quam
719 307 951 345 reuenisset
967 305 1140 348 domum.

171 374 276 422 Quin
300 373 374 423 e¹g0
398 373 491 410 istic
519 370 627 422 quod
655 370 956 422 perdundumst
984 385 1205 424 properem
1234 375 1330 425 per-

665 435 764 475 dere
776 436 796 473 ’.ἱ

170 506 292 543 Binos
314 504 512 543 ducentos
527 502 740 554 Philippos
758 503 835 540 iam
850 503 960 541 intus
978 502 1176 542 ecferam:
1243 511 1333 544 1050

169 571 223 609 Et
237 568 359 609 mssiti
381 582 480 620 quos
499 567 649 606 dudum
666 568 857 620 promissi
872 568 997 606 miser

169 637 223 676 Et
238 638 350 675 istos.
384 647 500 673 mane
517 635 628 673 istic:
658 635 735 672 iam
754 635 853 673 exeo
872 633 921 672 ad
938 639 994 684 te,
1012 633 1224 673 Chrt'isale.

171 703 255 741 CH.
295 702 364 740 Fit
392 704 506 740 uasta
537 701 686 751 Troia,
731 700 920 739 scindunt
953 713 1149 752 proceres
1179 701 1334 753 Perga-

666 779 784 805 mum.

173 832 282 871 Sciui
299 833 372 883 e'go
390 833 468 870 iam
486 830 635 870 dudum
652 832 743 870 fore
761 843 824 869 me
843 833 1009 870 exitium
1024 832 1236 884 Pergamo.

177 896 338 950 Edepol
357 898 425 948 qui
441 909 504 935 me
522 909 613 935 esse
634 896 742 935 dicat
762 898 944 935 cruciatu
960 896 1062 935 malo
1243 905 1332 939 1055

172 964 360 1014 Dignum,
377 975 428 1001 ne
447 976 535 1000 cum
551 961 625 1000 illo
642 964 787 1014 pignus
806 963 903 1000 haut
919 964 1066 1001 aussim
1083 962 1200 1001 dare:

172 1030 324 1068 Tantas
340 1027 542 1067 turbellas
560 1029 676 1068 facio.
708 1034 772 1068 set
789 1031 950 1081 crepuit
966 1029 1088 1068 foris:

169 1095 364 1134 chertur
381 1094 533 1146 praeda
550 1107 599 1133 ex
617 1094 754 1134 Troia.
785 1099 943 1133 taceam
959 1096 1066 1133 minc
1079 1096 1171 1134 iam.

169 1162 233 1201 ὒἸ.
267 1162 377 1213 Cape
394 1162 471 1199 hdc
488 1162 564 1199 tibi
583 1174 736 1211 aurum,
755 1161 976 1200 Chrzisale:
1007 1162 1034 1211 i,
1054 1161 1119 1199 fer
1134 1160 1234 1200 filio.

170 1228 256 1278 Ego
273 1226 323 1265 ad
340 1227 472 1265 forum
491 1230 625 1265 autem
642 1227 737 1265 hinc
753 1228 833 1277 ibo,
851 1226 1058 1265 absoluam
1076 1226 1261 1265 militem.

172 1293 257 1332 CH.
287 1292 377 1330 Non
404 1292 593 1344 equidem
622 1294 836 1345 accipiam:
867 1291 990 1345 proin
1012 1297 1057 1332 tu
1074 1306 1244 1344 quaeras
1263 1295 1333 1344 qui

664 1358 785 1398 ferat.
1243 1364 1329 1397 1061

170 1422 274 1461 Nolo
297 1424 370 1473 ego
388 1424 441 1461 mi
458 1422 586 1461 credi.
629 1423 696 1461 NI.
731 1424 841 1475 Cape
858 1436 979 1462 uero:
1011 1423 1152 1462 odiose
1167 1423 1280 1462 facis.

172 1490 257 1528 CH.
280 1490 368 1527 Non
382 1488 572 1540 equidem
586 1491 751 1541 capiam.
780 1490 844 1529 NI.
869 1491 923 1527 At
935 1490 1095 1540 quaeso,
1125 1490 1212 1529 GH.
1230 1490 1331 1528 Dico

662 1555 788 1592 utres
806 1567 849 1592 se
866 1555 1003 1593 habet.

168 1619 233 1659 Nl.
266 1620 445 1660 Mora're.
494 1620 580 1661 CH.
613 1618 741 1670 Nolo,
766 1621 951 1671 inquam,
978 1620 1118 1659 aurum
1136 1620 1332 1660 concredi

662 1685 775 1725 mihi.

169 1747 250 1788 Vel
281 1749 331 1787 da
361 1748 537 1801 aliquem
570 1751 637 1800 qui
667 1763 731 1788 me
764 1751 915 1789 seruet.
979 1751 1044 1790 NI.
1091 1750 1244 1789 Odiose
1272 1752 1333 1789 fa-

666 1817 735 1855 cis.
1242 1822 1330 1856 1065

170 1879 254 1918 CH.
288 1878 400 1918 Cedo
413 1909 424 1930 7
455 1884 489 1918 si
519 1886 742 1920 necessest.
799 1881 865 1920 NI.
899 1881 1008 1920 Οἴη-ει
1031 1882 1120 1920 hoc.
1152 1883 1230 1920 iam
1254 1894 1330 1932 ego

662 1948 740 1985 huc
757 1948 974 1986 reuenem.

170 2009 255 2049 CH.
289 2010 522 2050 Curatumst
540 2024 630 2051 esse
645 2013 689 2051 te
704 2025 845 2051 senem
861 2013 1156 2050 miserrumum.

169 2073 258 2113 Hoc
276 2076 337 2113 est
353 2076 518 2128 incepta
535 2078 714 2117 ecficere
730 2076 896 2130 pulcre:
927 2075 996 2115 uel
1011 2077 1110 2115 mihi

168 2140 224 2179 Vt
241 2144 364 2180 ouans
379 2142 533 2194 praeda
551 2146 718 2183 onustus
736 2143 922 2183 incedam
939 2143 1091 2182 euenit.

170 2204 309 2244 Salute
326 2211 467 2245 nostra
483 2212 603 2258 atque
621 2209 724 2247 1'1rbe
741 2213 856 2260 capta
873 2209 948 2260 per
965 2206 1103 2246 dolum

167 2269 401 2310 Exercitum
418 2274 624 2324 integrum
642 2276 802 2312 omnem
818 2273 1000 2313 redduco
1019 2273 1192 2313 domum.
