1511 2502
172 189 227 230 68

655 185 962 225 PLAle
1233 194 1434 229 128—41

285 300 425 340 Semel
440 300 628 352 fugiundi
645 303 679 338 si
696 299 829 337 datast
846 300 1018 349 occasio,

282 367 389 405 Satis
408 368 491 405 est:
516 371 609 417 post
625 365 735 403 illam
751 366 969 415 numquam
984 366 1116 416 possis
1133 363 1354 415 prendere.

283 431 367 471 LO.
402 432 417 458 ¹
438 433 552 470 mnes
569 431 758 483 profecto
774 429 899 468 liberi
914 429 1120 468 lubentius

285 497 429 534 Sumus
462 499 579 546 quam
609 496 822 534 seruimus.
895 495 983 533 HE.
1015 495 1104 533 Ndn
1134 494 1278 533 uidere
1308 496 1365 533 ita
1393 494 1439 531 tt'i

772 559 949 612 quidem.
1373 564 1437 598 120

284 627 367 667 LO.
414 628 457 666 Si
487 630 566 666 ndu
593 632 657 666 est
681 627 791 679 quod
818 626 931 675 dem,
962 627 1080 664 mene
1105 626 1166 664 uis
1184 625 1276 664 dem
1292 627 1379 677 ipse
1398 627 1439 663 in

719 701 722 703 ·
771 690 930 742 pedes?

286 758 374 796 HE.
408 757 452 795 Si
471 756 658 806 dederis,
678 758 758 794 erit
775 755 980 807 extemplo
999 757 1098 794 mihi
1116 754 1225 807 quod
1241 754 1334 794 dem
1349 757 1437 795 tib-i,

283 823 366 862 LO.
400 823 499 862 Auis
512 824 577 860 me
588 822 703 860 serae
719 821 971 860 consimilem
980 822 1138 871 faciam,
1155 827 1199 858 ut
1211 820 1434 873 praedicas.

284 889 373 928 ΗΕ.
405 889 464 927 Ita
479 892 524 926 ut
541 887 661 925 dicis:
685 900 776 924 nam
793 888 826 925 si
842 887 964 936 fxixis,
989 891 1031 924 te
1047 887 1089 924 in
1107 889 1270 924 caueam
1286 885 1401 924 dabo.

286 954 358 992 Set
375 954 472 991 satis
490 953 771 990 uerborumst:
791 954 887 990 ci'ira
905 964 1006 1002 quae
1022 952 1121 989 iussi
1137 954 1258 1002 aitque
1276 951 1353 990 abi.
1373 957 1438 990 125

285 1019 372 1069 Ego
391 1020 456 1056 1'bo
475 1017 525 1055 ad
539 1018 712 1055 fratrem
727 1017 778 1055 ad
793 1017 892 1055 alios
911 1017 1091 1068 captiuds
1108 1029 1219 1054 meos
1234 1030 1242 1054 :

284 1084 423 1123 Visam
439 1095 491 1121 ne
508 1087 629 1120 nocte
646 1083 722 1120 hac
740 1084 918 1134 quipiam
933 1083 1205 1121 turbauerint.

286 1149 384 1188 Inde
401 1150 466 1187 me
483 1149 675 1186 continuo
693 1149 889 1199 recipiam
907 1149 1043 1186 rusi'un
1062 1147 1235 1186 domum.

282 1215 366 1254 ER.
398 1215 577 1265 Aegrest
591 1214 646 1251 mi
676 1214 783 1252 hunc
794 1214 933 1252 faeere
946 1215 1156 1264 quaestum
1169 1214 1437 1252 carcerarium

285 1280 465 1332 Propter
486 1280 547 1317 sui
565 1280 674 1329 gnati
691 1280 897 1317 miseriam
913 1281 1107 1318 misertim
1122 1292 1274 1318 senem.
1376 1285 1438 1322 13c

289 1346 361 1383 Set
378 1346 411 1383 si
429 1343 510 1383 fillo
527 1348 646 1395 pacto
663 1343 733 1382 ille
748 1345 828 1383 lnic
846 1345 1056 1383 conciliari
1070 1349 1221 1397 potest,

285 1411 323 1450 V
326 1409 365 1448 el
382 1410 667 1448 carnuficinam
682 1410 789 1448 hunc
805 1411 944 1450 facere
960 1424 1124 1462 possum
1140 1412 1317 1463 perpeti.

287 1476 374 1515 HE.
408 1475 486 1523 Qui
502 1475 569 1512 hic
584 1473 794 1526 ldquitur‘?
851 1476 934 1516 ER.
965 1477 1067 1527 Ego,
1085 1479 1153 1528 qui
1169 1476 1237 1516 tuo
1254 1489 1440 1516 maerore

771 1542 969 1592 maceror,

287 1606 501 1656 Maeesco,
529 1608 779 1645 consenesco
798 1613 838 1645 et
855 1608 1020 1646 tabescd
1040 1608 1176 1646 miser.

290 1672 391 1710 Ossa
408 1675 529 1723 atque
546 1671 670 1724 pellis
688 1674 775 1711 siim
790 1674 915 1711 miser
931 1672 1201 1723 aegritudine.
1374 1679 1438 1712 135

284 1737 428 1788 Neque
447 1738 635 1788 nimquam
652 1739 864 1789 quicquam
880 1740 945 1777 me
960 1739 1072 1777 iuuat
1090 1738 1198 1790 quod
1215 1738 1291 1777 edd
1310 1737 1440 1777 domi:

287 1803 407 1841 Foris
425 1802 723 1854 aliquantillum
742 1805 863 1842 etiam
881 1803 990 1855 quod
1005 1808 1121 1854 gusto
1139 1803 1179 1841 id
1196 1805 1301 1842 beat.

285 1869 374 1908 HE.
397 1869 601 1920 Ergasile,
619 1869 742 1909 salue.
786 1870 869 1909 ER.
898 1870 1000 1907 Dite
1012 1871 1118 1907 bene
1132 1874 1279 1919 ament,
1290 1869 1437 1920 Hegio.

286 1935 374 1974 HE.
405 1936 466 1974 Ne
482 1937 549 1974 fle.
596 1935 680 1974 ER.
714 1935 856 1985 Egone
872 1934 988 1972 illum
1005 1937 1086 1972 ndn
1102 1935 1221 1972 fleam
1230 1935 1249 1971 2²
1267 1947 1341 1985 ego
1358 1948 1440 1973 non

778 2000 950 2038 defleam

291 2065 437 2104 Talem
453 2065 789 2105 adulescentem?
835 2067 923 2106 HE.
953 2066 1251 2118 Se'mpersensi
1266 2064 1355 2104 filio
1374 2071 1440 2104 140

284 2131 381 2169 Meo
397 2132 440 2169 te
455 2143 545 2169 esse
562 2132 731 2170 amicum
748 2137 790 2170 et
806 2131 919 2170 illum
935 2131 1122 2170 intellexi
1137 2132 1224 2170 tibi.

286 2196 369 2234 ER.
390 2195 496 2233 Tum
506 2195 682 2248 denique
691 2197 876 2235 homines
887 2200 1027 2235 ndstra
1035 2196 1310 2247 intellegimus
1320 2197 1438 2246 bona,

289 2262 419 2310 Quom
436 2274 538 2312 quae
556 2264 597 2299 1'n
611 2266 818 2313 potestate
834 2263 1047 2301 habuimus
1066 2275 1113 2299 ea
1129 2262 1344 2300 amisimus.

287 2326 372 2377 Ego
384 2355 395 2377 7
420 2329 635 2378 pcistquam
652 2333 795 2379 gnatus
812 2330 905 2367 ttius
920 2330 1093 2381 potitust
1107 2328 1296 2374 hdstium,
