1511 2502
87 161 352 196 1111935-54
459 147 979 188 BACCHIDES.
1280 150 1358 192 101

90 265 167 304 lam
185 263 264 303 dt'io
282 264 492 302 restabant
509 262 592 300 ffita
608 266 726 311 tunc,
747 273 824 299 nec
839 262 963 312 magis
980 260 1018 299 id
1039 274 1226 314 ceperam
1245 264 1360 315 ‹sppi-

697 325 802 367 dum.

88 395 186 433 Post
199 395 266 432 1'1bi
277 391 452 433 tabellas
464 391 514 432 ad
525 405 664 432 senem
676 390 812 443 tetuli,
825 393 879 431 ibi
893 392 1001 444 [ego]
1016 392 1147 432 occidi
1159 392 1358 432 Troilum.

89 460 217 509 Quom
258 460 417 498 censuit
452 457 755 498 Mnesilochum
794 471 883 496 cum
922 470 1047 496 uxore
1087 459 1178 497 esse
1208 458 1357 497 dudum

693 525 844 575 mssitis,
1292 532 1351 567 961

88 593 144 631 lbi
170 594 236 630 uix
256 604 319 630 me
342 592 496 631 exolui:
530 595 651 642 atque
668 590 710 629 id
725 591 926 643 periclum
943 591 1163 643 adsimulo,
1194 590 1356 632 Vlixem

695 662 739 695 ut
755 657 993 709 praedicant

88 726 149 764 Ab
180 724 340 763 He‘lena
371 726 574 776 cognitum
609 725 699 763 esse
728 723 935 776 proditum
965 725 1170 763 Hecubae.
1218 729 1282 762 set
1310 729 1355 761 ut

696 789 793 828 olim
809 789 880 829 ille
897 803 941 829 se

91 856 305 895 Blanditiis
323 856 386 907 [ab
404 855 490 908 illa]
510 857 660 895 exe'mit
677 861 718 896 et
734 857 959 908 persuassit
976 869 1019 894 se
1038 861 1081 894 ut
1099 858 1321 906 amitteret,

94 923 188 962 Item
206 923 279 973 ego
299 921 404 961 dolis
422 934 485 960 me
502 921 575 960 illo
596 921 721 960 extuli
739 934 761 959 e
777 920 936 973 periclo
955 927 995 960 et
1015 920 1162 973 decepi
1179 932 1330 959 senem.

93 985 187 1026 Post
219 990 307 1026 cium
335 988 559 1038 magnufico
590 986 743 1038 milite,
775 988 887 1026 urbis
919 988 1056 1026 uerbis
1083 989 1150 1039 qui
1180 987 1360 1026 inermus

695 1054 816 1106 capit,
1294 1056 1361 1091 966

91 1119 262 1158 Conflixi
288 1122 407 1169 atque
434 1120 639 1158 hominem
661 1119 835 1172 reppuli.
869 1119 964 1158 dein
980 1120 1154 1171 pugnam
1173 1119 1362 1156 conserui

696 1198 804 1224 seni:

89 1251 192 1289 Eum
209 1262 283 1301 ego
301 1249 403 1289 adeo
420 1264 499 1289 uno
514 1251 725 1291 mendacio
744 1250 900 1301 deuici,
929 1263 1007 1289 uno
1025 1251 1109 1288 ictu
1127 1246 1360 1300 extempulo

92 1315 192 1367 Cepi
211 1315 273 1365 [ab
292 1317 356 1367 eo]
374 1315 515 1368 spolia.
547 1317 582 1354 is
601 1317 708 1355 n1'1nc
728 1315 926 1355 ducentos
947 1317 1130 1354 nummos
1146 1312 1360 1365 Philippos

697 1381 818 1421 militi

92 1447 200 1495 Quos
219 1446 316 1484 dare
335 1459 379 1485 se
396 1448 604 1498 promissit
621 1447 745 1486 dabit.
822 1447 840 1466 *
917 1450 933 1464 ’²
1011 1447 1028 1464 *
1103 1444 1121 1460 *
1198 1446 1214 1462 *
1295 1449 1361 1483 970

90 1513 204 1550 ‘Nunc
221 1511 364 1551 alteris
383 1514 502 1552 etiam
521 1512 707 1552 ducentis
726 1515 842 1552 iussus
861 1518 937 1563 est,
955 1518 1071 1564 capto
1088 1502 1164 1550 ilio

92 1578 169 1627 Qui
188 1576 491 1630 dispensentur,
516 1579 560 1617 1‘1t
577 1580 631 1618 sit
647 1578 820 1618 mulsum
838 1581 907 1630 qui
923 1578 1178 1630 triumphent
1195 1575 1359 1614 milites.

91 1643 162 1681 Set
187 1643 369 1682 Priamus
394 1644 460 1682 hic
486 1643 614 1683 multo
643 1643 706 1682 illi
730 1648 934 1697 praestat:
966 1644 1047 1681 non
1073 1642 1361 1693 quinquaginta

698 1710 832 1761 modo,

93 1773 391 1824 Quadrigentos
407 1773 516 1813 filios
533 1776 657 1815 habet
669 1780 790 1827 atque
803 1776 931 1815 omnis
942 1774 1075 1813 lectos
1087 1776 1175 1812 sine
1186 1774 1360 1825 probro:

91 1839 170 1878 Eos
190 1841 262 1890 ego
280 1839 403 1878 hodie
422 1841 550 1879 omnis
569 1844 843 1881 contruncabo
862 1841 1016 1880 duobus
1033 1838 1132 1878 solis
1152 1839 1312 1876 ictibus.

91 1904 205 1943 Nunc
235 1905 395 1944 Priamo
427 1910 569 1945 nostro
603 1910 677 1946 sist
710 1909 799 1959 quis
836 1911 1016 1959 emptor,
1050 1902 1361 1957 comptionalem

700 1986 839 2013 senem
1295 1974 1362 2008 976

91 2036 275 2077 vendam
292 2039 387 2089 e'g0‚
416 2039 602 2078 uenalem
620 2053 738 2091 quem
753 2041 908 2091 habco,
938 2037 1143 2091 extemplo
1162 2038 1229 2076 ubi
1247 2036 1362 2087 oppi—

700 2105 792 2144 dum
810 2107 1109 2157 expugnaucro.

93 2166 166 2206 Set
188 2169 391 2208 Priamum
416 2175 614 2209 astantem
633 2183 770 2210 eccum
788 2174 881 2210 ante
897 2176 1056 2223 portam
1074 2169 1207 2208 uideo.
1242 2167 1359 2205 adibo

699 2244 819 2287 atque
837 2235 1044 2286 adloquar.
