1511 2502
71 107 316 142 11331—50
525 97 872 137 RVDENS.
1251 94 1333 135 :215

125 210 197 248 Set
221 211 329 249 nunc
357 211 466 249 ubist
491 210 585 249 leno
615 209 802 247 Labrax?
855 209 948 248 AM.
980 210 1113 248 Periit
1140 209 1334 262 potando,

676 276 842 325 opinor:

122 341 336 392 Neptunus
353 341 506 391 magnis
521 338 678 392 poculis
694 339 770 376 hac
787 340 908 377 nocte
926 351 1017 377 eum
1033 340 1234 378 inuitauit.

59 442 67 453 Ι
123 406 208 445 TR.
242 405 376 444 Credo
401 404 558 455 hercle,
582 405 783 442 anancaeo
801 403 937 443 datum
955 404 1064 456 quod
1083 406 1258 444 biberet.
1290 411 1335 443 ut

673 482 747 521 ego
765 472 851 508 amo
871 474 927 521 te,

125 536 219 574 Mea
237 524 489 587 Ampelisca:
520 540 564 574 ut
580 535 709 574 dulcis
727 548 792 573 es:
822 539 867 573 ut
891 535 1020 574 mulsa
1036 535 1145 574 dicta
1161 535 1274 574 dicis.

123 600 196 638 Set
212 605 255 638 tu
272 603 313 639 et
327 601 539 640 Palaestra
556 603 634 652 quo
654 600 773 639 modo
791 600 927 640 saluae
948 601 1076 640 estis?
1120 602 1216 640 ΛΜ.
1247 601 1335 640 Sci-

671 666 733 703 bis
749 666 854 706 faxo.
1264 671 1330 706 365

125 730 215 781 [De]
234 731 326 768 naui
343 730 508 769 timidae
525 732 664 769 ambae
690 733 731 768 in
750 732 940 782 scapham
958 730 1214 783 insumimus,
1240 732 1334 783 quia

668 796 852 835 uidemus

121 863 186 901 Ad
203 866 294 902 saxa
310 876 454 902 nauem
472 864 642 902 ferrier:
671 866 898 915 properans
915 861 1049 901 exolui
1064 863 1230 912 restem,

121 928 224 966 Dum
247 927 310 966 illi
333 929 489 968 timent.
530 942 604 967 nos
631 930 721 967 cum
746 928 896 980 scapha
918 928 1141 979 tempestas
1166 926 1333 965 dextro-

666 995 830 1031 uorsum

122 1058 272 1096 Diffc'rt
288 1059 335 1096 ab
352 1057 449 1097 illis.
482 1061 619 1110 itaque
635 1072 708 1097 nos
726 1060 942 1109 uentisque
960 1059 1234 1109 fluctibusque

121 1125 295 1163 Iactatae
328 1124 525 1177 exemplis
556 1124 756 1177 plurumis
786 1125 959 1162 miserae
988 1129 1230 1176 perpetuam
1259 1125 1333 1162 116-

669 1194 775 1228 ctem
1266 1194 1334 1229 370

121 1263 142 1285 *
267 1263 286 1284 *
411 1266 430 1285 ›o‹
555 1264 574 1286 *
700 1264 719 1285 *
842 1264 862 1285 *
983 1263 1003 1286 10<
1122 1264 1142 1286 *
1260 1263 1279 1286 *

119 1319 199 1358 Vix
214 1319 336 1357 hodie
353 1319 403 1357 ad
418 1319 517 1358 litus
535 1319 707 1371 pertulit
723 1333 795 1358 nos
812 1321 959 1358 uentus
977 1321 1233 1359 exanimatas.

123 1383 208 1422 TR.
241 1384 358 1433 Noui,
380 1384 592 1435 Neptunus
608 1387 665 1423 ita
682 1384 810 1424 solet:
842 1388 1024 1437 quamuis
1039 1385 1277 1425 fastidiosus

120 1447 280 1486 Aedilis
319 1453 401 1486 est:
440 1450 580 1499 siquae
619 1451 816 1500 inprobae
858 1455 952 1488 sunt
993 1451 1174 1501 merces,
1208 1452 1332 1489 iactat

668 1528 808 1554 omnls.

118 1578 213 1617 AM.
242 1578 329 1619 Vae
358 1580 481 1631 capiti
511 1583 632 1630 atque
664 1582 789 1618 aetati
820 1585 927 1618 tuae.
981 1579 1065 1618 TR..
1099 1580 1210 1630 Tuo,
1241 1592 1331 1618 mea

655 1644 901 1696 Ampelisca.
1261 1651 1329 1686 375

120 1709 231 1748 Sciui
245 1709 438 1748 lenonem
453 1711 592 1748 facere
611 1711 716 1749 istuc
737 1710 846 1762 quod
861 1711 982 1750 fecit:
1012 1724 1135 1764 saepe
1152 1711 1247 1749 dixi.

119 1774 321 1826 Capillum
330 1777 564 1827 promittam
575 1778 834 1828 optumumst,
848 1777 1138 1829 occi'ipiamque
1151 1775 1326 1814 ariolari.

118 1841 211 1879 AM.
244 1841 427 1879 Cauistin
459 1854 556 1892 ergo
585 1846 631 1880 tu
663 1844 784 1893 atque
817 1855 912 1880 erus
939 1855 991 1881 ne
1023 1844 1177 1893 abiret,
1209 1855 1329 1893 quom

666 1908 861 1946 scibatis?

119 1970 202 2009 TR.
235 1971 342 2020 Quid
363 1972 550 2010 faceret?
593 1973 688 2011 AM.
719 1973 762 2011 Si
778 1975 947 2024 amabat,
968 1986 1087 2024 rogas
1105 1972 1201 2024 quid
1218 1973 1328 2011 face-

662 2038 757 2075 ret?
788 2038 1028 2077 adseruaret

119 2100 214 2138 Dies
254 2102 489 2153 noctisque:
534 2103 576 2139 in
612 2102 794 2141 custodia
825 2109 936 2142 esset
965 2104 1138 2155 semper.
1184 2116 1328 2142 uerum

663 2171 823 2207 ecastor
1259 2174 1329 2209 380

119 2230 174 2268 Vt
194 2229 310 2268 multi
326 2231 445 2269 fecit:
476 2234 531 2269 ita
546 2234 674 2283 probe
692 2235 850 2272 curauit
864 2233 1135 2285 Plesidippus.
