1511 2502
191 109 274 150 256
666 107 974 148 PLAVTI
1204 119 1495 154 111223-48⁴

303 221 451 260 Nescio
471 220 567 273 quid
583 228 714 266 †uero
731 220 861 257 habeo
878 220 919 257 in
935 219 1095 259 mundo.
1126 220 1207 259 ΕΡ.
1229 210 1401 260 Ῐῐηοᾱοε

303 285 440 324 Ali-(im
459 286 669 324 conuiuam
685 284 869 335 quaerito
885 284 961 322 tibi
975 284 1017 321 in
1033 284 1141 322 hl'mc
1158 283 1277 323 diem.

308 351 392 391 GE.
425 352 528 401 Quin
551 352 594 389 ti'i
621 350 856 403 promittis?
894 350 975 389 ΕΡ.
1003 350 1092 388 Non
1110 363 1278 401 grauer,
1308 353 1341 390 si
1363 355 1457 404 pos-

797 428 909 456 sxcm.

309 483 393 522 GE.
425 483 558 522 Vnum
577 481 739 534 quidem
756 480 897 520 hercle
915 483 1027 520 certe
1041 483 1234 533 promitto
1251 484 1345 521 tibi:
1388 489 1456 523 480

306 548 470 587 Lubens
488 549 677 599 accipiam
697 548 824 597 certo,
842 547 874 585 si
890 548 1160 598 promisseriS.

303 613 384 653 ΕΡ.
420 611 578 652 Valeas.
628 613 712 651 GE.
737 612 1027 650 Certumnest?
1069 612 1149 650 ΕΡ.
1174 612 1359 651 certum:
1390 626 1456 652 ce-

797 676 900 713 nabo
921 674 1041 714 domi.

309 742 392 780 GE.
427 741 493 779 Sic
512 741 697 792 quoniam
713 738 772 777 nil
788 740 1003 791 processit,
1022 739 1178 790 [igitur]
1196 739 1334 778 adiero

304 807 527 858 Apertiore
543 806 667 856 magis
684 805 750 842 uia
766 817 810 842 ac
826 803 947 856 plane
962 803 1120 855 loquar.

305 871 474 921 Quando
494 870 656 921 quidem
673 874 761 909 tute
779 868 827 908 ad
844 870 908 907 me
923 882 1004 908 non
1022 871 1083 908 uis
1100 871 1353 922 promittere,
1390 874 1456 909 485

308 934 391 975 Vin
407 934 456 973 :id
473 940 514 973 te
533 934 582 973 ad
600 947 738 973 cenam
753 934 942 972 ueniam?
971 935 1053 975 EP.
1074 935 1116 973 Si
1131 936 1274 987 possit,
1288 933 1429 973 uelim:

304 1001 459 1040 Verum
477 1002 542 1039 hic
560 1006 655 1053 aput
670 1013 734 1039 me
751 1000 896 1038 cenant
913 999 1034 1038 alieni
1050 1012 1210 1040 nouem.

309 1067 392 1106 GE.
413 1067 503 1105 Hau
519 1065 679 1118 postulo
698 1065 887 1116 equidem
902 1067 944 1103 in
959 1065 1067 1104 lecto
1084 1065 1177 1104 med
1194 1065 1458 1104 adc1'1mbere:

307 1134 395 1172 Scis
412 1133 455 1171 t1'1
472 1131 565 1171 med
581 1144 671 1170 esse
689 1131 840 1183 [unum]
858 1133 926 1170 imi
943 1131 1112 1183 supselli
1127 1133 1271 1170 uirum.

305 1199 385 1238 EP.
418 1199 473 1236 At
489 1198 527 1236 ei
544 1199 726 1236 oratores
742 1197 881 1249 populi
898 1202 1004 1247 sunt,
1021 1199 1163 1235 summi
1178 1197 1276 1235 uiri:
1391 1203 1457 1237 490

306 1264 520 1302 Ambracia
539 1264 707 1301 ueniunt
722 1264 801 1301 hiic
816 1261 941 1314 legati
958 1262 1136 1315 puplice.

308 1330 391 1369 GE.
422 1329 532 1380 Ergo
550 1331 734 1367 oratores
754 1327 895 1381 populi
912 1329 1128 1367 summates
1146 1328 1224 1366 uiri

307 1395 459 1433 Summi
477 1392 692 1444 zfflcubent,
719 1406 794 1444 ego
812 1393 1017 1431 infamatis
1035 1393 1219 1431 insumus.

303 1460 384 1499 ΕΡ.
416 1460 525 1498 Haut
541 1461 750 1510 aequomst
766 1463 807 1497 te
824 1459 934 1496 inter
950 1459 1133 1496 oratores
1150 1457 1290 1509 accipi.

305 1525 389 1563 GE.
419 1524 621 1575 Equidem
643 1523 785 1563 hc'rcle
810 1528 947 1562 orator
967 1525 1053 1562 si'im
1066 1552 1077 1573 ,
1109 1528 1172 1561 set
1188 1520 1373 1574 procedit
1388 1534 1458 1573 pa-

796 1601 896 1626 rum.
1390 1591 1456 1625 495

306 1655 389 1694 EP.
421 1654 521 1693 Cras
539 1652 590 1690 de
606 1651 791 1703 reliquiis
808 1655 880 1690 nos
896 1651 1003 1690 uolo.
1036 1650 1206 1690 multum
1222 1650 1323 1689 uale.

305 1719 391 1757 GE.
419 1718 531 1756 Perii
546 1715 688 1755 hercle
705 1728 802 1754 uero
819 1716 953 1768 plane,
970 1715 1073 1754 nihil
1091 1716 1275 1754 obnoxie.

307 1785 398 1825 Vno
413 1783 619 1823 Gelasimo
637 1784 767 1821 minus
785 1786 847 1820 est
865 1795 982 1833 quam
999 1780 1148 1820 dudum
1164 1782 1253 1820 fuit.

307 1851 517 1889 Certumst
532 1846 746 1887 mustellae
761 1848 931 1900 posthac
947 1860 1160 1897 numquam
1177 1845 1369 1885 credere:

304 1916 406 1954 Nam
425 1915 691 1953 incertiorem
706 1913 860 1952 millam
875 1915 970 1951 noui
987 1914 1169 1952 bestiam.
1392 1918 1458 1951 500

307 1981 472 2030 Quaene
490 1977 610 2031 eapse
629 1978 793 2017 deciens
810 1980 851 2015 in
869 1976 935 2015 die
952 1979 1078 2015 mutat
1093 1977 1240 2026 locum,

305 2045 404 2083 Eam
422 2044 625 2095 ai'ispicaui
643 2056 716 2094 ego
734 2045 773 2081 in
790 2055 837 2081 re
854 2041 1018 2094 capitali
1033 2054 1120 2080 mea
1133 2041 1152 2078 ’ἓ

307 2110 517 2149 Certumst
534 2109 681 2147 amicos
697 2109 936 2158 conuocare,
952 2112 997 2146 ut
1014 2105 1219 2146 co'nsulam

305 2174 391 2223 Qua
405 2162 500 2224 lege
518 2186 624 2212 nunc
639 2172 732 2212 med
750 2174 928 2211 essurire
946 2175 1146 2224 oporteat.
