1511 2502
90 149 347 184 111229—58
484 141 961 180 AMPHITRVO.
1303 139 1356 180 45

145 251 246 290 Nam
262 254 479 304 numquam
495 254 709 304 quicquam
726 254 815 290 meo
833 253 964 291 animo
981 253 1060 291 fuit
1076 254 1236 303 aegrius
1290 256 1358 292 910

147 317 273 366 Quam
289 321 501 369 postquam
518 318 676 368 audiui,
700 318 772 356 ted
788 331 878 356 esse
895 319 1038 356 iratam
1052 319 1163 358 mihi.

147 383 258 431 Quor
276 382 443 421 dixisti?
472 385 648 435 inquies.
694 396 769 435 ego
785 383 996 435 expediam
1011 384 1099 422 tibi.

145 446 236 484 Non
255 446 402 499 e'depol
420 461 497 499 quo
515 454 556 487 te
574 462 664 487 esse
682 449 913 500 inpudicam
930 448 1165 487 crederem:

146 513 183 551 V
186 514 301 550 eri'im
315 513 574 565 periclitzitus
592 528 678 553 sum
696 516 871 553 animum
886 519 1012 564 tuum,

147 577 255 626 Quid
270 578 429 617 faceres
446 585 489 618 et
506 594 584 631 quo
600 584 718 632 pacto
737 580 778 618 id
796 580 908 618 ferre
925 579 1155 618 induceres.
1290 584 1357 619 915

146 641 350 692 Equidem
365 645 455 682 ioco
473 644 547 683 illa
564 645 743 683 dixeram
762 644 913 683 dudum
927 645 1017 694 tibi,

146 707 324 746 Ridiculi
343 722 471 748 causa.
519 711 586 749 uc‘l
601 711 679 748 hoc
696 714 837 760 rogato
856 710 1022 748 Sosiam.

146 773 229 812 AL.
263 774 369 823 Quin
385 775 465 813 hnic
483 774 649 813 adducis
666 774 798 814 meum
816 779 1029 825 cognatum
1044 774 1302 823 Naucratem,

148 838 318 877 Testem
336 851 455 890 quem
473 838 622 878 dudum
639 844 681 878 te
699 839 967 878 adducturum
985 838 1160 889 dixeras,
1291 842 1360 877 919

150 904 212 941 Te
228 905 306 942 huc
322 906 402 942 non
419 905 611 943 uenisse?
668 905 734 944 IV.
768 903 912 954 Siquid
923 903 1200 954 dictumstpcr
1210 903 1357 952 iocum,

149 968 237 1006 Non
257 969 469 1019 ac‘quomst
484 968 527 1006 id
542 973 584 1006 te
601 969 709 1006 serio
726 968 998 1019 praeudrtier.

150 1034 232 1073 AL.
264 1034 351 1084 Ego
369 1033 485 1071 illum
503 1035 586 1072 scio
606 1047 724 1085 quam
741 1033 918 1071 ddluerit
935 1031 1050 1071 cordi
1064 1044 1168 1071 meo,

148 1099 215 1139 1V.
247 1100 328 1137 Per
346 1097 556 1136 dexteram
572 1104 681 1137 tuam
696 1103 752 1148 te,
777 1087 1012 1147 Alcumena,
1030 1109 1116 1147 oro,
1133 1099 1304 1148 opsecro

149 1165 212 1202 Te
224 1193 235 1214 ⁷
261 1163 311 1202 da
327 1164 380 1201 mi
396 1165 500 1202 hanc
515 1166 698 1214 ueniam,
719 1165 885 1214 ignosce
897 1191 908 1212 ,
933 1163 1037 1200 irata
1055 1162 1108 1199 ne
1126 1162 1220 1202 sies.

149 1229 232 1268 AL.
261 1229 348 1280 Ego
367 1232 492 1267 istaec
508 1230 590 1267 feci
607 1230 735 1267 uerba
750 1229 905 1266 uirtute
923 1227 1057 1265 inrita.
1291 1231 1359 1267 925

150 1293 265 1331 Nunc
285 1293 443 1344 quando
458 1293 578 1331 factis
595 1306 681 1331 sum
698 1291 899 1343 inpudicis
917 1292 1139 1343 apstinens,

152 1359 213 1396 Ab
232 1356 433 1410 inpudicis
452 1357 572 1396 dictis
589 1361 722 1396 auorti
737 1356 843 1395 uolo.

152 1422 320 1472 Valeas,
346 1423 422 1460 tibi
436 1423 585 1460 habeas
602 1424 669 1460 res
685 1427 772 1460 tuas
784 1450 795 1471 ,
817 1420 966 1458 reddas
982 1433 1104 1460 meas.

152 1487 277 1524 {uben
302 1485 400 1523 mihi
428 1486 597 1524 comites
609 1486 628 1523 ’.ἲ
685 1486 752 1526 IV.
794 1485 936 1523 Stinan‘
965 1497 1008 1523 es
1020 1486 1040 1523 ‘3
1098 1486 1179 1525 AL.
1213 1486 1256 1525 Si
1280 1488 1361 1524 non

696 1552 826 1601 iubes,

152 1618 304 1656 Sinit6:
334 1616 578 1655 Pudicitiam
595 1619 756 1668 egomet
773 1617 962 1655 comitem
978 1616 1145 1657 duxero.
1293 1624 1362 1659 930

150 1682 218 1721 IV.
248 1681 373 1720 Mane
385 1709 396 1731 ‚
420 1683 621 1720 arbitratu
637 1680 704 1720 tuo
720 1682 782 1719 ius
799 1680 1015 1719 iurandum
1032 1680 1150 1732 dabo,

152 1747 223 1785 Me
240 1744 370 1785 meam
384 1745 572 1797 pudicam
588 1758 678 1784 esse
696 1747 865 1784 uxorem
883 1746 1136 1785 arbitrarier.

150 1811 197 1850 Id
212 1812 286 1861 ego
305 1811 339 1848 si
358 1808 456 1848 fallo
469 1839 480 1860 ‚
502 1812 588 1849 tiim
603 1816 645 1849 te
657 1839 668 1861 ,
694 1823 847 1849 summe
863 1810 1059 1861 Iuppiter⁷

151 1876 310 1925 Quaeso
330 1863 617 1926 Amphitruoni
633 1879 678 1913 ut
695 1876 856 1921 semper
871 1875 999 1912 iratus
1017 1875 1109 1912 sies.

151 1940 234 1978 AL.
266 1940 352 1989 Ah,
376 1940 578 1991 propitius
595 1941 648 1978 sit
662 1941 811 1991 potius.
868 1938 935 1978 IV.
969 1937 1141 1976 Confido
1158 1939 1270 1977 fore:
1295 1945 1361 1982 935

152 2005 254 2044 Nam
267 2006 330 2043 i1'1s
346 2004 560 2042 iurandum
576 2006 717 2043 uerum
734 2010 775 2042 te
793 2003 1010 2041 aduorsl'lm
1026 2002 1134 2042 dedi.

152 2069 233 2107 Iam
258 2070 365 2107 minc
389 2069 493 2107 irata
517 2071 598 2107 non
624 2081 667 2108 es
678 2069 697 2107 2²
754 2068 837 2107 AL.
876 2067 967 2106 Non
992 2080 1091 2107 sum.
1150 2068 1217 2108 IV.
1248 2068 1361 2106 Bene

696 2135 808 2172 facis.

153 2198 253 2237 Nam
268 2198 310 2236 in
326 2199 533 2237 hominum
549 2204 682 2237 aetate
700 2197 829 2237 multa
842 2199 1038 2236 eueniunt
1052 2196 1170 2237 huius
1186 2196 1315 2236 modi:

154 2265 330 2316 Capiimt
346 2263 576 2316 uoluptates
588 2292 599 2314 ,
624 2265 787 2316 capiunt
803 2277 941 2302 rusum
957 2264 1163 2302 miserias:
