1511 2502
104 138 158 170 ΧΠ
165 139 191 170 ΙΙ
541 137 745 170 EPISTVLA
773 138 939 172 CRmGA

160 239 234 278 Dic
264 238 406 289 modo,
446 238 552 277 unde
585 239 748 278 auferre
778 241 839 278 uis
872 241 966 278 me?
1005 254 1026 278 a
1055 242 1133 291 qud
1155 242 1373 293 trapessita

708 305 874 356 petam?

102 374 170 401 toto
203 370 290 400 enim
321 368 412 399 caelo
445 378 464 399 a
487 379 563 400 vero
589 369 752 401 aberravit
776 369 1023 401 KAMPMANNVS
1048 370 1104 409 qui
1128 369 1169 400 de
1193 379 1309 412 praep.
1334 378 1369 401 m

104 425 166 446 usu
193 414 299 446 Plaut.
337 423 370 455 p.
390 414 430 446 11
461 424 511 454 sq.
545 415 686 455 primam
722 415 820 446 huius
852 414 1007 446 vocabuli
1041 414 1202 456 syllabam
1232 415 1369 456 produci

102 470 203 501 posse
227 461 392 500 opinatur.
419 459 480 490 sed
504 460 603 491 redeo
631 461 718 492 unde
742 461 849 501 abripi
872 470 924 491 me
949 469 1070 502 passus
1096 469 1171 491 sum
1188 460 1321 503 longius
1341 466 1372 491 et

102 506 203 537 verbo
230 505 304 536 dico
329 504 369 536 de
392 504 637 536 adsimilatione
662 506 948 548 praepositionum
975 515 1050 536 cum
1074 506 1184 537 verbis
1210 511 1241 537 et
1265 507 1371 537 nomi-

102 551 200 582 nibus
223 550 493 591 compositarum.
528 551 561 581 in
586 561 650 591 quo
677 552 811 591 quidem
837 561 958 593 genere
984 551 1072 582 idem
1096 561 1158 593 ego
1184 551 1371 582 institutum

101 597 194 628 tenui
217 595 324 638 (certe
349 601 460 627 tenere
485 595 593 636 volui)
620 596 710 636 quod
734 597 831 628 Pnu„
853 596 1064 629 WAGNERVS
1090 596 1124 627 in
1139 596 1289 638 Vergilio
1309 606 1368 627 suo

99 642 145 673 ad
177 642 352 683 pristinam
385 640 657 684 orthographiam
689 647 842 673 revocato
877 652 914 673 se
947 642 1096 673 tenuisse
1122 641 1296 683 professus
1322 646 1371 672 est

102 686 256 728 Orthogr.
288 686 414 728 Vergil.
448 697 481 728 p.
498 685 565 719 406
591 697 657 728 sq.:
694 687 794 719 libros
824 687 926 729 igitur
958 689 1080 725 bonos,
1112 687 1371 719 Ambrosianum

101 733 315 774 potissimum
341 737 372 762 et
395 732 550 764 Veterem
579 731 750 770 Codieem,
778 733 879 764 duces
906 734 952 764 ita
973 738 1107 764 secutus
1125 742 1198 764 sum
1216 737 1252 764 ut
1271 733 1304 763 in
1322 733 1370 763 eis

100 778 210 809 verbis
244 779 276 809 in
308 777 428 818 quibus
460 783 648 809 constanter
679 778 800 809 inflexa
831 783 918 809 esset
949 778 1153 820 praepositio
1179 778 1370 809 retinuerim

100 823 399 861 adsimilationem‚
425 824 610 865 respuerim
633 824 772 855 eandem
799 824 832 855 in
850 824 897 854 eis
914 824 947 855 in
965 825 1086 864 quibus
1103 823 1370 865 praepositiones

101 870 247 911 integras
282 879 300 900 a
329 868 443 899 Plauto
474 874 621 900 servatas
655 878 728 899 esse
753 869 805 900 vel
830 868 980 910 pluribus
1007 869 1168 910 exemplis
1192 868 1245 901 vel
1271 869 1368 900 etiam

102 924 166 945 nno
198 915 279 944 satis
304 914 471 955 probabili
495 914 696 945 declaratum
722 914 899 945 videretur.
924 924 989 946 non
1016 925 1100 956 opus
1127 919 1176 945 est
1200 918 1236 944 ut
1261 915 1371 944 omnia

100 960 235 990 nomina
266 969 304 990 ac
327 959 427 990 verba
451 969 525 989 cum
548 959 854 1001 praepositionibus
881 960 1067 1001 composita
1091 959 1145 990 hic
1168 968 1369 997 enumerem,

101 1014 177 1035 nam
202 1005 230 1035 si
254 1009 342 1035 totus
366 1003 420 1035 hic
442 1004 533 1035 locus
557 1005 600 1036 ad
624 1005 788 1045 liquidum
812 1004 950 1046 perduci
971 1005 1104 1036 omnino
1130 1014 1287 1044 umquam
1307 1014 1370 1046 po-

100 1055 181 1088 test,
218 1049 282 1081 hoc
315 1055 383 1081 tum
418 1050 551 1081 demum
584 1050 654 1080 fieri
676 1051 798 1091 poterit
823 1060 899 1080 cum
923 1059 1038 1082 omnes
1064 1049 1258 1081 comoediae
1281 1059 1300 1080 a
1326 1060 1372 1083 τε

100 1095 307 1136 supellectile
340 1095 452 1126 critica
484 1096 663 1126 instructae
694 1096 727 1126 in
751 1095 922 1136 publicum
943 1095 1145 1137 prodierint:
1179 1095 1241 1126 sed
1262 1104 1370 1136 pauca

100 1141 263 1180 quaedam
296 1149 381 1180 quac
412 1139 477 1170 huc
506 1141 670 1181 pertinent
699 1141 887 1181 promiscue
920 1141 1060 1182 attingo.
1097 1140 1144 1171 ad
1166 1140 1369 1181 praepositio

100 1195 232 1227 semper
265 1191 392 1216 mutata
430 1192 478 1216 est
516 1192 591 1216 ante
627 1190 640 1216 c
664 1191 694 1216 et
719 1196 737 1216 r
760 1186 871 1217 literas
900 1186 986 1217 velut
1010 1186 1043 1216 in
1066 1186 1188 1217 attineo
1214 1186 1369 1217 attondeo

99 1231 236 1262 arrideo
268 1231 384 1271 arrigo
420 1232 551 1270 arripio
581 1230 686 1271 (Rud.
717 1236 828 1261 tamen
855 1229 943 1263 1332
970 1231 1110 1262 ducibus
1136 1231 1228 1262 libris
1251 1231 1371 1274 scripsi

102 1277 276 1317 αάνοῃει),
309 1277 388 1307 item
422 1277 454 1307 in
480 1276 601 1307 accedo
628 1277 754 1316 accipio
779 1286 898 1308 accuso
924 1277 1078 1316 appello:
1115 1286 1179 1308 non
1207 1276 1368 1308 debebam

99 1328 209 1353 antem
233 1331 383 1361 appareo
406 1331 539 1353 servare
561 1321 682 1363 Amph.
699 1319 765 1354 793
789 1319 857 1354 794
880 1321 973 1363 Capt.
988 1319 1068 1360 457,
1095 1322 1173 1361 quia
1196 1320 1283 1353 Trina
1301 1319 1370 1353 218

100 1368 132 1398 in
160 1368 380 1398 Ambrosiano
414 1372 496 1398 teste
530 1366 830 1399 Scnwanznumno
863 1368 1023 1409 scriptum
1057 1373 1147 1398 extat
1171 1375 1368 1403 ADPARBAT,

52 1421 54 1423 ’
99 1423 205 1453 neque
229 1412 379 1445 accumbo
401 1413 454 1444 vel
477 1412 599 1444 accubo
621 1413 743 1454 Amph.
759 1411 827 1445 802
843 1410 913 1445 804
931 1413 997 1443 Mil.
1013 1410 1079 1444 653
1095 1411 1163 1445 753
1187 1409 1367 1448 Tri11.473‚

99 1459 177 1498 quia
203 1459 290 1489 idem
315 1459 396 1489 liber
420 1458 672 1498 antiquissimus
698 1458 799 1490 Stich.
816 1456 884 1490 488
901 1467 1119 1489 AncUMBssRss
1139 1463 1266 1489 tuetur:
1291 1466 1368 1488 ean-

100 1504 175 1534 dem
201 1503 351 1535 voculam
375 1509 561 1535 constanter
585 1503 732 1535 truncavi
759 1512 834 1535 ante
858 1515 875 1535 s
900 1504 1027 1534 literam
1052 1504 1107 1534 uhi
1131 1502 1216 1534 hanc
1233 1512 1298 1533 nna
1318 1502 1368 1533 vel

99 1549 185 1579 dnae
209 1555 427 1580 consonantes
454 1550 642 1590 excipiunt,
667 1555 701 1580 ut
725 1552 758 1580 in
781 1555 853 1581 asco
879 1549 1021 1580 ascendo
1043 1549 1168 1589 aspicio
1186 1553 1216 1579 et
1235 1552 1368 1588 aspecto

96 1604 263 1634 aspernor
291 1596 462 1635 astrinyo:
498 1604 557 1626 con
582 1596 864 1636 praepositionem
892 1604 1024 1636 semper
1049 1594 1211 1635 integram
1237 1592 1369 1625 servavi

98 1645 229 1680 praeter
251 1641 429 1671 commodus
457 1645 486 1670 et
513 1650 683 1680 corrumpo
710 1646 740 1671 et
765 1644 896 1672 conecto
922 1640 1048 1671 conitor·
1073 1640 1202 1671 coniveo
1223 1649 1296 1670 cum
1322 1638 1367 1669 si-

100 1686 232 1716 milibus
258 1686 433 1725 dequibus
449 1694 495 1715 'rv
509 1695 614 1727 nuper
629 1686 814 1717 disseruisti
830 1686 862 1716 in
875 1684 958 1716 Mus.
976 1684 1091 1727 philol.
1108 1685 1166 1715 VII
1179 1694 1211 1726 p.
1223 1683 1290 1717 318
1302 1693 1366 1723 sq..

98 1741 143 1761 ea:
165 1737 239 1761 ante
261 1732 285 1771 f
304 1732 426 1770 ubique
452 1732 577 1762 mutavi
601 1732 632 1762 in
656 1741 714 1762 ec:
739 1731 855 1762 eadem
879 1731 1081 1772 praepositio
1100 1731 1157 1762 nbi
1174 1740 1248 1761 cnm
1265 1729 1366 1762 verbo

99 1777 138 1806 ab
161 1786 178 1807 s
203 1776 297 1807 litera
318 1776 487 1817 incipienti
513 1777 698 1818 composita
724 1782 790 1813 est,
818 1775 903 1807 hanc
926 1776 1045 1808 extrivi
1066 1776 1202 1807 velutin
1219 1785 1364 1817 exequor

96 1822 220 1862 eoez'yno
251 1822 370 1853 eoeoluo
405 1832 533 1862 exutyo
564 1832 714 1861 exupcro
747 1822 886 1853 eoecribo
912 1826 1068 1862 expecto:
1103 1823 1135 1852 in
1161 1830 1293 1862 semper
1317 1821 1366 1851 in-

99 1873 192 1907 tegra
223 1866 336 1898 relicta
373 1873 421 1897 est
458 1873 588 1908 praeter
622 1869 742 1907 impero
779 1868 945 1907 imperium
985 1868 1119 1906 impetro
1154 1865 1234 1907 (sed
1258 1867 1291 1897 in
1314 1864 1366 1895 his

97 1922 246 1952 quoqne,
285 1917 319 1943 nt
346 1921 419 1943 sero
458 1912 543 1949 vidi,
581 1913 710 1954 integra
735 1913 898 1943 servanda
922 1912 1028 1954 erat):
1066 1912 1106 1943 ab
1133 1918 1164 1942 et
1187 1911 1226 1942 ob
1253 1916 1283 1942 et
1307 1910 1366 1941 sub

96 1957 361 1997 praepositiones
386 1964 419 1988 ut
437 1963 512 1988 ante
531 1958 555 1997 f
573 1963 809 1990 consonantem
827 1963 1013 1989 constanter
1031 1957 1231 1988 inflecterent
1248 1955 1365 1987 sedulo

96 2002 208 2033 curavi
230 2008 364 2043 propter
388 2003 549 2034 rationem
573 2002 738 2045 Philologi
763 2009 839 2034 tom.
862 2003 916 2034 1111
941 2013 972 2044 p.
988 2001 1055 2034 322
1079 2013 1098 2034 a
1123 2011 1174 2033 me
1199 2001 1366 2043 significa-

97 2054 181 2078 tam:
221 2047 339 2088 scripsi
374 2048 476 2089 igitur
510 2048 630 2089 Amph.
654 2048 720 2080 322
756 2049 843 2089 afuit
877 2048 952 2089 (ubi
984 2049 1023 2079 V.
1053 2047 1086 2079 G.
1113 2048 1211 2089 affuit
1234 2045 1365 2088 habet),

96 2090 162 2124 646
188 2093 367 2132 offirmato,
405 2090 473 2125 893
497 2094 607 2133 officit,
648 2093 737 2126 1002
764 2095 923 2135 sufferet,
964 2093 1056 2135 Capt.
1077 2091 1143 2125 755
1170 2093 1366 2135 offrenatum

94 2138 155 2178 (V.
174 2137 207 2168 C.
228 2137 466 2179 oferenatum),
494 2138 560 2170 Mil.
577 2136 644 2170 209
664 2140 806 2180 suffigit,
836 2137 1005 2172 Rur1.588
1026 2139 1184 2180 suffudit,
1216 2136 1302 2171 1013
1314 2138 1365 2175 of-

92 2184 236 2225 flectam,
268 2181 355 2216 1059
380 2184 535 2225 suffrinyz'
555 2184 613 2225 (V.
634 2183 667 2215 C.
683 2185 849 2226 subfringi
863 2194 935 2215 raro
954 2184 1143 2226 exemplo),
1170 2184 1258 2214 Trin.
1279 2177 1364 2215 1092

94 2229 233 2269 offusam
257 2234 288 2260 et
311 2230 360 2260 sic
385 2229 519 2269 quidem
543 2239 675 2271 semper
698 2231 762 2262 nisi
788 2230 988 2262 contrarium
1012 2229 1152 2271 ascripsi
1169 2229 1363 2270 conspiran-

94 2274 181 2306 tibus
206 2274 338 2315 optimis
365 2275 466 2308 libriS.
494 2275 667 2308 absolvero
693 2275 781 2308 hunc
806 2274 1065 2317 orthographiae
1091 2275 1124 2306 in
1140 2274 1201 2306 hac
1219 2275 1364 2306 editione
