1511 2502
162 178 421 213 111231-52
587 167 1010 207 TRINVMMVS.
1353 167 1433 208 303

162 281 323 319 Scibam
339 285 384 319 ut
400 292 490 319 esse
507 280 571 318 me
588 278 772 329 deceret,
798 279 936 317 facere
955 291 1036 316 non
1054 279 1215 330 quibzim
1230 280 1377 318 miser:

160 337 219 385 ita
234 347 275 385 ui
290 346 467 386 Veneris
484 347 658 394 uinctus,
681 344 764 382 otio
782 345 898 395 dptus
914 344 956 381 in
973 342 1159 381 fraudem
1176 343 1322 382 incidi:

158 402 213 450 E't
237 412 312 450 tibi
328 423 434 449 nunc
450 408 625 462 proinde
639 410 685 447 ut
700 409 874 447 mereris
889 409 1020 447 habeo
1036 421 1229 447 summam
1249 410 1431 460 gratiam.

158 476 242 517 LV.
275 465 329 515 Ᾰῐ
354 488 519 527 operam
545 476 686 527 perire
709 486 840 512 meam
866 475 924 512 sic
940 475 982 512 et
996 479 1038 513 te
1054 475 1156 513 haec
1173 474 1299 513 corde
1316 477 1432 527 sper-

761 552 862 579 nere
1364 547 1432 581 660

157 608 327 659 Perpeti
343 608 525 659 nequeo:
557 605 686 645 semu]
702 618 765 645 me
781 605 924 658 pirum
940 605 1098 658 pudere
1115 607 1158 644 te
1173 607 1298 658 piget.

156 663 210 712 Εἰ
225 677 449 725 postremo,
465 672 544 710 nisi
562 684 626 710 me
643 670 846 710 auscultas
865 674 986 724 fitque
1003 672 1080 710 hoc
1097 675 1142 710 ut
1159 670 1250 709 dico
1267 671 1383 722 facis,

160 737 267 778 Tute
283 750 390 791 pone
406 738 448 776 te
464 737 612 776 latebis
628 737 765 788 fzicile,
780 750 832 776 ne
848 738 1032 776 inueniaeit
1046 741 1089 776 te
1108 738 1259 775 honos:

154 794 200 843 ln
218 802 355 842 oculto
372 804 540 853 iacebis,
556 816 676 854 quom
692 807 735 841 te
750 806 933 842 mzixume
949 802 1104 842 clanim
1120 801 1250 841 uoles.

156 870 335 909 Pei-noui
361 869 564 921 equidem,
588 869 832 919 Lesbonice‚
857 869 1063 920 ingenium
1080 873 1193 907 tuum
1208 869 1428 919 ingenuom

760 934 810 973 aid
826 934 1008 973 modum:
1360 938 1426 973 665

157 1000 249 1039 Scio
266 1004 308 1038 te
325 1004 471 1052 sponte
487 1001 568 1038 non
586 1004 725 1052 tuapte
745 1004 920 1051 errasse,
938 1005 1002 1039 set
1018 1000 1196 1038 amorem
1211 1000 1287 1038 tibi

157 1067 302 1107 Pe'ctus
326 1069 586 1119 opscuraisse:
617 1070 740 1118 atque
763 1067 853 1118 ipse
871 1066 1018 1104 amoris
1041 1070 1163 1104 teneo
1182 1067 1310 1104 omnis
1326 1066 1423 1105 uias.

154 1124 252 1174 itast
282 1146 415 1184 amor,
445 1132 607 1171 bansta
635 1137 681 1171 ut
712 1133 879 1171 iacitur:
909 1131 968 1170 nil
997 1133 1054 1171 sic
1086 1130 1266 1171 celerest
1290 1132 1425 1183 neque

754 1197 887 1236 uolat:

154 1253 290 1316 Atque
306 1265 341 1303 is
359 1277 495 1303 mores
511 1264 719 1303 hominum
736 1276 873 1302 moros
892 1263 934 1301 et
949 1275 1133 1301 morosos
1150 1263 1297 1302 ecficit.

153 1331 289 1369 M1'nus
314 1329 450 1382 placet
475 1329 584 1381 quod
609 1328 904 1368 cdnsuadetur:
935 1327 1044 1379 quod
1061 1327 1322 1367 dissuadetur
1336 1328 1424 1380 pla-

758 1398 835 1432 cet.
1356 1398 1425 1434 670

153 1461 282 1510 Quom
311 1460 500 1511 inopiast,
532 1460 690 1512 cupias:
730 1458 890 1511 quando
922 1459 1009 1498 eius
1037 1460 1206 1511 copiast,
1232 1463 1318 1498 tum
1341 1462 1423 1498 non

754 1524 871 1563 uelis.

151 1580 239 1640 [ille
259 1591 328 1642 qui
344 1589 523 1643 aspellit,
544 1592 577 1629 is
595 1590 814 1643 conpellit:
845 1589 918 1629 ille
934 1591 1002 1642 qui
1023 1589 1259 1641 consumet,
1276 1591 1420 1641 uotat.]

149 1647 376 1695 lnsanumst
400 1655 548 1695 malum
563 1657 605 1694 te
621 1657 663 1694 in
678 1657 900 1709 hospitium
917 1656 1079 1695 deuorti
1096 1655 1147 1695 ad
1163 1655 1420 1708 Cupidinem.

152 1720 223 1760 set
242 1726 282 1760 te
302 1734 447 1760 moneo
463 1722 542 1760 hoc
559 1723 679 1760 e'tiam
698 1728 820 1774 atque
839 1724 962 1761 etiam
975 1727 1020 1761 ut
1037 1723 1205 1775 reputes
1232 1722 1330 1774 quid
1360 1722 1419 1760 fa-

753 1802 848 1827 cere
863 1789 1042 1841 expetas,

153 1850 194 1889 Si
219 1854 321 1891 istuc
341 1866 490 1892 conare
508 1855 552 1893 1'1t
569 1854 707 1906 [nunc]
728 1855 829 1893 facis
846 1854 1064 1905 indicium,
1090 1859 1203 1892 tuum
1219 1852 1418 1892 incendes

747 1931 896 1970 genus:
1352 1923 1417 1959 675

152 1980 256 2019 Tum
281 1983 403 2033 igitur
427 1996 554 2035 aquae
581 1985 662 2023 erit
676 1985 753 2023 tibi
771 1984 933 2037 cupido,
959 1985 1085 2036 genus
1103 1985 1172 2035 qui
1187 1985 1418 2035 restinguas

168 2100 177 2110 ,
746 2054 869 2089 tuum.

150 2112 275 2162 Atqui
305 2113 338 2149 si
363 2113 445 2150 eris
470 2115 662 2165 ndnctus,
691 2114 868 2167 proinde
893 2119 938 2154 ut
964 2114 1089 2154 cdrde
1114 2119 1295 2154 amantes
1322 2116 1417 2154 sunt

749 2182 841 2231 cati,

149 2241 210 2279 Ne
227 2239 443 2280 scintillam
474 2242 638 2293 quidem
668 2244 879 2297 relinques
890 2275 901 2297 ‚
932 2247 1058 2297 genus
1092 2246 1161 2298 qui
1191 2243 1416 2296 congliscsst

748 2314 872 2350 tuum.
