1511 2502
53 87 270 122 1122—52
490 75 515 112 S
547 73 575 112 T
605 72 620 111 I
649 73 678 111 C
709 73 740 111 H
769 73 802 110 V
831 74 880 111 S.
1241 72 1321 112 ’235

163 188 266 240 Spes
283 187 345 227 c'st
362 200 451 226 eum
468 185 612 226 melius
630 185 842 223 facturum.

161 254 267 293 Noui
284 254 358 304 e'go
378 251 513 291 illum:
542 248 678 289 ioculo
698 250 826 288 istaec
844 248 962 287 dicit:

160 319 303 370 Neque
319 317 391 357 ille
409 318 518 369 [hafn]
537 317 613 355 sibi
630 319 785 354 mercat
804 315 1022 352 Persarum

162 385 315 423 Montis
333 384 400 434 qui
420 394 510 421 esse
529 382 641 420 aurei
660 381 945 432 perhibentur,
1278 386 1321 418 25

162 450 217 488 vt
235 450 340 488 istuc
356 449 480 487 faciat
495 446 604 499 quod
620 448 665 484 t1'1
683 447 842 486 metuis.

164 515 264 553 Tam
282 518 316 553 si
332 516 468 564 faciat,
483 515 659 552 minume
677 512 794 550 irasci

218 581 369 618 Decet:
399 581 533 630 neque
548 578 592 617 id
607 578 798 616 inmerito
817 577 992 615 eueniet.

162 645 262 683 Nam
278 646 358 683 uiri
375 645 505 683 nostri
523 643 640 682 domo
659 647 701 680 ut
720 643 922 691 abierunt,

164 712 243 750 llic
260 712 427 750 tertiust
443 723 581 749 annus.
624 710 710 748 PH.
739 710 797 748 Ita
815 710 859 747 nt
875 721 1097 747 memoras:
1277 714 1323 746 60

164 777 293 825 Quom
309 777 387 828 ipsi
406 778 563 814 interca
579 776 732 824 uiuant,
749 773 927 823 ualeant,

164 841 245 881 Vbi
261 842 354 891 sint,
373 839 470 891 quid
482 844 620 890 agant,
635 840 753 890 ecqui
771 837 994 889 indigeant,

163 906 306 957 Neque
324 906 572 958 participant
590 917 664 942 nos
683 904 815 954 neque
833 901 1021 941 redeunt.

278 971 361 1010 PA.
392 971 456 1009 An
471 969 513 1008 id
531 969 660 1019 doles,
677 970 807 1018 soror,
826 969 918 1019 quia

277 1035 343 1074 Illi
358 1048 471 1074 suum
488 1035 666 1073 officium
684 1036 765 1073 non
783 1032 937 1082 colunt,
1281 1038 1325 1070 35

333 1102 462 1151 Quom
478 1101 522 1140 tu
538 1105 649 1139 tuum
666 1100 794 1139 facis?
837 1099 923 1138 PH.
954 1088 1015 1138 I'ta
1028 1097 1109 1151 pol.

166 1167 247 1207 PA.
280 1167 391 1205 Tace
410 1168 482 1204 sis:
515 1179 612 1204 caue
629 1167 685 1204 sis
702 1165 859 1204 audiam
876 1178 951 1216 ego
967 1166 1072 1203 istuc

221 1233 397 1271 Posthac
415 1244 463 1270 ex
478 1236 532 1270 te.
576 1231 664 1271 PH.
696 1231 794 1269 Nam
814 1230 910 1282 quid
926 1231 1034 1269 iam?

164 1300 246 1338 PA.
280 1299 380 1348 Quia
396 1296 467 1350 pol
483 1310 573 1336 meo
592 1298 723 1336 animo
741 1298 870 1335 omnis
887 1296 1083 1349 sapientis

167 1366 290 1405 Suum
307 1365 485 1404 officium
503 1368 713 1416 aequomst
731 1362 870 1402 colere
888 1364 929 1401 et
943 1363 1096 1403 facere.
1282 1368 1327 1400 40

168 1431 294 1480 Quam
312 1431 361 1468 ob
378 1442 466 1468 rem
483 1430 556 1480 e'go
574 1434 615 1468 te
632 1430 723 1479 hoc,
741 1442 871 1479 soror,
888 1433 969 1466 tam
986 1428 1095 1466 etsi⁹s
1111 1428 1252 1476 maiore

119 1510 123 1516 ·
167 1496 319 1535 Moneo
336 1496 382 1533 1'1t
396 1499 508 1533 tuum
524 1495 758 1533 memineris
776 1495 973 1533 officium:

55 1563 108 1600 Et
124 1562 158 1599 si
176 1559 239 1598 illi
255 1561 418 1612 inprobi
434 1561 515 1599 sint
530 1565 651 1611 atque
669 1559 791 1599 :iliter
807 1573 880 1598 nos
896 1560 1049 1598 faciant

58 1626 183 1676 Quam
200 1627 369 1676 aequom
386 1626 454 1675 sit,
470 1631 551 1663 tam
566 1624 635 1677 pol
652 1625 825 1676 [noxiae]
843 1623 998 1676 nequid
1013 1625 1138 1675 magis
1155 1624 1222 1675 sit,

169 1691 364 1729 Omnibus
382 1691 528 1729 obnixe
545 1692 689 1743 opibus
706 1696 889 1729 nostrum
1284 1694 1328 1727 45

171 1755 284 1806 [Nos]
304 1755 482 1794 officium
498 1756 728 1794 meminisse
746 1755 878 1794 decet.

224 1820 310 1858 PH.
336 1819 500 1859 Placet:
531 1822 660 1860 taceo.
704 1821 786 1860 PA.
813 1821 867 1859 At
882 1820 1117 1859 memineris
1132 1820 1269 1858 facim.

60 1887 161 1937 [ΡΗ.
193 1885 298 1924 Nolo
318 1888 405 1937 ego,
423 1900 554 1937 soror,
569 1899 634 1926 me
652 1887 765 1926 credi
782 1899 873 1926 esse
892 1886 1158 1925 inmemorem
1174 1886 1272 1924 uiri:

58 1954 200 2004 Neque
218 1952 289 1991 ille
307 1951 378 1992 eos
394 1954 571 1993 honores
587 1955 685 1993 mihi
703 1968 802 2006 quos
820 1955 959 1993 habuit
974 1952 1167 2006 perdidit.

59 2018 160 2056 Nam
176 2019 272 2056 mihi
289 2017 359 2070 pol
377 2024 490 2069 grata
506 2020 752 2071 acceptaque
769 2020 907 2058 huiust
923 2019 1164 2070 benignitas.
1287 2024 1331 2056 50

60 2084 114 2122 Et
130 2085 194 2122 me
211 2084 373 2135 quidem
390 2086 491 2124 haec
507 2085 685 2124 conditio
703 2099 810 2124 nunc
826 2099 906 2124 non
922 2085 1108 2137 paenitet

61 2147 245 2199 Nequest
264 2162 365 2200 quor
386 2150 569 2189 studeam
586 2151 656 2189 has
672 2152 835 2202 nuptias
853 2150 1060 2189 mutarier.

61 2214 215 2253 Ver-tim
231 2220 440 2266 postremo
457 2217 497 2254 in
514 2217 642 2268 patris
659 2218 904 2268 potestatest
921 2217 1062 2254 situm:
