<?xml version="1.0" encoding="UTF-8"?>
<!DOCTYPE html PUBLIC "-//W3C//DTD XHTML 1.0 Transitional//EN"
    "http://www.w3.org/TR/xhtml1/DTD/xhtml1-transitional.dtd">
<html xmlns="http://www.w3.org/1999/xhtml" xml:lang="en" lang="en">
 <head>
  <title>
</title>
<meta http-equiv="Content-Type" content="text/html;charset=utf-8" />
  <meta name='ocr-system' content='tesseract 3.04.00' />
  <meta name='ocr-capabilities' content='ocr_page ocr_carea ocr_par ocr_line ocrx_word'/>
</head>
<body>
  <div class='ocr_page' id='page_1' title='image "./comoediae0102plauuoft_0414.png"; bbox 0 0 1511 2502; ppageno 0'>
   <div class='ocr_carea' id='block_1_1' title="bbox 176 138 229 178">
    <p class='ocr_par' dir='ltr' id='par_1_1' title="bbox 176 138 229 178">
     <span class='ocr_line' id='line_1_1' title="bbox 176 138 229 178; baseline 0.019 -1"><span class='ocrx_word' id='word_1_1' title='bbox 176 138 229 178; x_wconf 69' lang='lat'>43</span> 
     </span>
    </p>
   </div>
   <div class='ocr_carea' id='block_1_2' title="bbox 1321 0 1511 31">
    <p class='ocr_par' dir='ltr' id='par_1_2' title="bbox 1321 0 1511 31">
     <span class='ocr_line' id='line_1_2' title="bbox 1321 0 1511 31; baseline -0.011 0"><span class='ocrx_word' id='word_1_2' title='bbox 1321 12 1323 16; x_wconf 63' lang='lat'><strong><em>⁴</em></strong></span> <span class='ocrx_word' id='word_1_3' title='bbox 1349 0 1360 22; x_wconf 78' lang='grc'>--’</span> <span class='ocrx_word' id='word_1_4' title='bbox 1376 0 1511 31; x_wconf 54' lang='lat'>27:3²2}</span> 
     </span>
    </p>
   </div>
   <div class='ocr_carea' id='block_1_3' title="bbox 654 113 1442 181">
    <p class='ocr_par' dir='ltr' id='par_1_3' title="bbox 654 113 1442 181">
     <span class='ocr_line' id='line_1_3' title="bbox 654 113 1442 181; baseline 0.01 -7"><span class='ocrx_word' id='word_1_5' title='bbox 654 135 962 175; x_wconf 83' lang='lat' dir='ltr'>PLAVTI</span> <span class='ocrx_word' id='word_1_6' title='bbox 1228 113 1442 181; x_wconf 61' lang='lat' dir='ltr'>mes-28</span> 
     </span>
    </p>
   </div>
   <div class='ocr_carea' id='block_1_4' title="bbox 231 237 1441 481">
    <p class='ocr_par' dir='ltr' id='par_1_4' title="bbox 231 237 1441 365">
     <span class='ocr_line' id='line_1_4' title="bbox 231 237 1441 287; baseline -0.001 0"><span class='ocrx_word' id='word_1_7' title='bbox 231 248 312 287; x_wconf 89' lang='lat' dir='ltr'>PA.</span> <span class='ocrx_word' id='word_1_8' title='bbox 345 237 399 287; x_wconf 70' lang='lat' dir='ltr'>At</span> <span class='ocrx_word' id='word_1_9' title='bbox 427 261 533 287; x_wconf 87' lang='lat' dir='ltr'>nunc</span> <span class='ocrx_word' id='word_1_10' title='bbox 564 246 712 286; x_wconf 86' lang='lat' dir='ltr'>dehinc</span> <span class='ocrx_word' id='word_1_11' title='bbox 742 248 843 285; x_wconf 88' lang='lat' dir='ltr'>scito</span> <span class='ocrx_word' id='word_1_12' title='bbox 868 245 984 286; x_wconf 73' lang='lat' dir='ltr'>illum</span> <span class='ocrx_word' id='word_1_13' title='bbox 1008 251 1102 286; x_wconf 89' lang='lat' dir='ltr'>ante</span> <span class='ocrx_word' id='word_1_14' title='bbox 1128 248 1256 286; x_wconf 82' lang='lat' dir='ltr'>omnis</span> <span class='ocrx_word' id='word_1_15' title='bbox 1274 249 1441 286; x_wconf 82' lang='lat' dir='ltr'>minumi</span> 
     </span>
     <span class='ocr_line' id='line_1_5' title="bbox 775 311 1124 365; baseline 0.003 -15"><span class='ocrx_word' id='word_1_16' title='bbox 775 311 987 351; x_wconf 74' lang='lat' dir='ltr'>mortalem</span> <span class='ocrx_word' id='word_1_17' title='bbox 1001 314 1124 365; x_wconf 78' lang='lat' dir='ltr'>preti,</span> 
     </span>
    </p>

    <p class='ocr_par' dir='ltr' id='par_1_5' title="bbox 233 377 1441 481">
     <span class='ocr_line' id='line_1_6' title="bbox 233 377 1441 428; baseline -0.002 -11"><span class='ocrx_word' id='word_1_18' title='bbox 233 377 442 417; x_wconf 67' lang='lat' dir='ltr'>Madjdum</span> <span class='ocrx_word' id='word_1_19' title='bbox 466 377 583 417; x_wconf 85' lang='lat' dir='ltr'>nihili</span> <span class='ocrx_word' id='word_1_20' title='bbox 606 378 929 417; x_wconf 76' lang='lat' dir='ltr'>incontinentem</span> <span class='ocrx_word' id='word_1_21' title='bbox 955 381 1076 428; x_wconf 87' lang='lat' dir='ltr'>atque</span> <span class='ocrx_word' id='word_1_22' title='bbox 1102 380 1284 416; x_wconf 77' lang='lat' dir='ltr'>ossorem</span> <span class='ocrx_word' id='word_1_23' title='bbox 1307 378 1441 416; x_wconf 84' lang='lat' dir='ltr'>uxoris</span> 
     </span>
     <span class='ocr_line' id='line_1_7' title="bbox 778 455 884 481; baseline 0 0"><span class='ocrx_word' id='word_1_24' title='bbox 778 455 884 481; x_wconf 89' lang='lat' dir='ltr'>suae.</span> 
     </span>
    </p>
   </div>
   <div class='ocr_carea' id='block_1_5' title="bbox 231 508 1511 558">
    <p class='ocr_par' dir='ltr' id='par_1_6' title="bbox 231 508 1511 558">
     <span class='ocr_line' id='line_1_8' title="bbox 231 508 1511 558; baseline -0.002 -10"><span class='ocrx_word' id='word_1_25' title='bbox 231 509 355 548; x_wconf 85' lang='lat' dir='ltr'><strong>ART.</strong></span> <span class='ocrx_word' id='word_1_26' title='bbox 384 509 459 548; x_wconf 87' lang='grc' dir='ltr'>ΡόΙ</span> <span class='ocrx_word' id='word_1_27' title='bbox 487 510 528 547; x_wconf 93' lang='lat' dir='ltr'>ni</span> <span class='ocrx_word' id='word_1_28' title='bbox 558 520 655 547; x_wconf 89' lang='lat' dir='ltr'>uera</span> <span class='ocrx_word' id='word_1_29' title='bbox 685 509 763 546; x_wconf 89' lang='lat' dir='ltr'>ista</span> <span class='ocrx_word' id='word_1_30' title='bbox 788 509 948 558; x_wconf 81' lang='lat' dir='ltr'>e‘ssent,</span> <span class='ocrx_word' id='word_1_31' title='bbox 977 520 1192 558; x_wconf 85' lang='lat' dir='ltr'>numquam</span> <span class='ocrx_word' id='word_1_32' title='bbox 1214 508 1371 546; x_wconf 77' lang='lat' dir='ltr'>faceret</span> <span class='ocrx_word' id='word_1_33' title='bbox 1395 520 1443 546; x_wconf 89' lang='lat' dir='ltr'>ea</span> <span class='ocrx_word' id='word_1_34' title='bbox 1510 522 1511 527; x_wconf 50' lang='lat'>¹</span> 
     </span>
    </p>
   </div>
   <div class='ocr_carea' id='block_1_6' title="bbox 231 574 1445 2189">
    <p class='ocr_par' dir='ltr' id='par_1_7' title="bbox 231 574 1445 2189">
     <span class='ocr_line' id='line_1_9' title="bbox 779 574 1443 625; baseline 0.003 -13"><span class='ocrx_word' id='word_1_35' title='bbox 779 586 879 625; x_wconf 86' lang='lat' dir='ltr'>quae</span> <span class='ocrx_word' id='word_1_36' title='bbox 896 575 1003 613; x_wconf 85' lang='lat' dir='ltr'>n1&#39;1nc</span> <span class='ocrx_word' id='word_1_37' title='bbox 1018 574 1128 613; x_wconf 89' lang='lat' dir='ltr'>facit.</span> <span class='ocrx_word' id='word_1_38' title='bbox 1373 579 1443 614; x_wconf 83' lang='grc'>860</span> 
     </span>
     <span class='ocr_line' id='line_1_10' title="bbox 231 632 1444 692; baseline -0.002 -12"><span class='ocrx_word' id='word_1_39' title='bbox 231 642 312 680; x_wconf 90' lang='lat' dir='ltr'>PA.</span> <span class='ocrx_word' id='word_1_40' title='bbox 346 632 431 692; x_wconf 66' lang='lat' dir='ltr'>Flgo</span> <span class='ocrx_word' id='word_1_41' title='bbox 459 652 617 691; x_wconf 88' lang='lat' dir='ltr'>quoque</span> <span class='ocrx_word' id='word_1_42' title='bbox 639 638 780 678; x_wconf 87' lang='lat' dir='ltr'>hercle</span> <span class='ocrx_word' id='word_1_43' title='bbox 799 637 915 679; x_wconf 89' lang='lat' dir='ltr'>illum</span> <span class='ocrx_word' id='word_1_44' title='bbox 930 639 1101 677; x_wconf 79' lang='lat' dir='ltr'>antehac</span> <span class='ocrx_word' id='word_1_45' title='bbox 1117 639 1321 677; x_wconf 89' lang='lat' dir='ltr'>hominem</span> <span class='ocrx_word' id='word_1_46' title='bbox 1338 640 1444 677; x_wconf 86' lang='lat' dir='ltr'>se&#39;m-</span> 
     </span>
     <span class='ocr_line' id='line_1_11' title="bbox 778 705 1407 762; baseline 0 -20"><span class='ocrx_word' id='word_1_47' title='bbox 778 717 853 755; x_wconf 87' lang='lat' dir='ltr'>per</span> <span class='ocrx_word' id='word_1_48' title='bbox 869 716 956 742; x_wconf 86' lang='lat' dir='ltr'>sum</span> <span class='ocrx_word' id='word_1_49' title='bbox 972 705 1079 755; x_wconf 79' lang='lat' dir='ltr'>frugi</span> <span class='ocrx_word' id='word_1_50' title='bbox 1095 708 1226 743; x_wconf 86' lang='lat' dir='ltr'>ratus:</span> <span class='ocrx_word' id='word_1_51' title='bbox 1397 755 1407 762; x_wconf 28' lang='grc' dir='ltr'>ι</span> 
     </span>
     <span class='ocr_line' id='line_1_12' title="bbox 235 768 1398 820; baseline -0.002 -10"><span class='ocrx_word' id='word_1_52' title='bbox 235 772 388 811; x_wconf 63' lang='lat' dir='ltr'>verum</span> <span class='ocrx_word' id='word_1_53' title='bbox 404 771 482 808; x_wconf 90' lang='lat' dir='ltr'>hoc</span> <span class='ocrx_word' id='word_1_54' title='bbox 498 769 607 807; x_wconf 82' lang='lat' dir='ltr'>facto</span> <span class='ocrx_word' id='word_1_55' title='bbox 625 770 717 807; x_wconf 79' lang='lat' dir='ltr'>sese</span> <span class='ocrx_word' id='word_1_56' title='bbox 735 768 929 819; x_wconf 78' lang='lat' dir='ltr'>ostendit,</span> <span class='ocrx_word' id='word_1_57' title='bbox 947 772 1013 819; x_wconf 84' lang='lat' dir='ltr'>qui</span> <span class='ocrx_word' id='word_1_58' title='bbox 1029 769 1192 820; x_wconf 89' lang='lat' dir='ltr'>quidem</span> <span class='ocrx_word' id='word_1_59' title='bbox 1208 783 1297 808; x_wconf 87' lang='lat' dir='ltr'>cum</span> <span class='ocrx_word' id='word_1_60' title='bbox 1313 770 1398 808; x_wconf 81' lang='lat' dir='ltr'>filio</span> 
     </span>
     <span class='ocr_line' id='line_1_13' title="bbox 233 833 1441 887; baseline -0.001 -13"><span class='ocrx_word' id='word_1_61' title='bbox 233 836 357 874; x_wconf 77' lang='lat' dir='ltr'>Potet</span> <span class='ocrx_word' id='word_1_62' title='bbox 373 848 450 873; x_wconf 89' lang='lat' dir='ltr'>una</span> <span class='ocrx_word' id='word_1_63' title='bbox 462 838 583 885; x_wconf 87' lang='lat' dir='ltr'>atque</span> <span class='ocrx_word' id='word_1_64' title='bbox 600 835 718 872; x_wconf 74' lang='lat' dir='ltr'>sinam</span> <span class='ocrx_word' id='word_1_65' title='bbox 729 835 893 873; x_wconf 84' lang='lat' dir='ltr'><strong>amicam</strong></span> <span class='ocrx_word' id='word_1_66' title='bbox 905 833 1047 872; x_wconf 69' lang='lat' dir='ltr'>diictet</span> <span class='ocrx_word' id='word_1_67' title='bbox 1059 833 1293 887; x_wconf 72' lang='lat' dir='ltr'>decrepitl‘ls</span> <span class='ocrx_word' id='word_1_68' title='bbox 1306 847 1441 873; x_wconf 76' lang='lat' dir='ltr'>senex.</span> 
     </span>
     <span class='ocr_line' id='line_1_14' title="bbox 235 899 1360 951; baseline -0.001 -11"><span class='ocrx_word' id='word_1_69' title='bbox 235 901 359 941; x_wconf 81' lang='lat' dir='ltr'><strong>ART.</strong></span> <span class='ocrx_word' id='word_1_70' title='bbox 391 901 480 939; x_wconf 90' lang='grc' dir='ltr'>Ηόο</span> <span class='ocrx_word' id='word_1_71' title='bbox 497 904 659 939; x_wconf 82' lang='lat' dir='ltr'>ecastor</span> <span class='ocrx_word' id='word_1_72' title='bbox 676 901 737 939; x_wconf 80' lang='lat' dir='ltr'>est</span> <span class='ocrx_word' id='word_1_73' title='bbox 755 899 862 951; x_wconf 87' lang='lat' dir='ltr'>quod</span> <span class='ocrx_word' id='word_1_74' title='bbox 879 900 968 939; x_wconf 87' lang='lat' dir='ltr'>illic</span> <span class='ocrx_word' id='word_1_75' title='bbox 987 900 1036 939; x_wconf 77' lang='lat' dir='ltr'>ad</span> <span class='ocrx_word' id='word_1_76' title='bbox 1053 913 1192 939; x_wconf 89' lang='lat' dir='ltr'>cenam</span> <span class='ocrx_word' id='word_1_77' title='bbox 1209 900 1360 939; x_wconf 80' lang='lat' dir='ltr'>cotidie</span> 
     </span>
     <span class='ocr_line' id='line_1_15' title="bbox 234 954 1444 1005; baseline -0.001 0"><span class='ocrx_word' id='word_1_78' title='bbox 234 956 303 1005; x_wconf 66' lang='lat' dir='ltr'>Ait</span> <span class='ocrx_word' id='word_1_79' title='bbox 321 979 412 1005; x_wconf 89' lang='lat' dir='ltr'>sese</span> <span class='ocrx_word' id='word_1_80' title='bbox 429 967 491 1004; x_wconf 85' lang='lat' dir='ltr'>ire</span> <span class='ocrx_word' id='word_1_81' title='bbox 509 965 558 1004; x_wconf 91' lang='lat' dir='ltr'>ad</span> <span class='ocrx_word' id='word_1_82' title='bbox 570 954 859 1004; x_wconf 67' lang='lat' dir='ltr'>Archidemum</span> <span class='ocrx_word' id='word_1_83' title='bbox 872 966 1097 1004; x_wconf 78' lang='lat' dir='ltr'>Chaeream</span> <span class='ocrx_word' id='word_1_84' title='bbox 1110 966 1444 1005; x_wconf 79' lang='lat' dir='ltr'>Chaerestratum</span> 
     </span>
     <span class='ocr_line' id='line_1_16' title="bbox 234 1032 1398 1071; baseline -0.002 0"><span class='ocrx_word' id='word_1_85' title='bbox 234 1033 407 1071; x_wconf 81' lang='lat' dir='ltr'>Cliniam</span> <span class='ocrx_word' id='word_1_86' title='bbox 424 1032 642 1070; x_wconf 79' lang='lat' dir='ltr'>Chremem</span> <span class='ocrx_word' id='word_1_87' title='bbox 659 1032 867 1070; x_wconf 84' lang='lat' dir='ltr'>Cratinum</span> <span class='ocrx_word' id='word_1_88' title='bbox 886 1032 1045 1070; x_wconf 88' lang='lat' dir='ltr'>Diniam</span> <span class='ocrx_word' id='word_1_89' title='bbox 1060 1032 1398 1070; x_wconf 75' lang='lat' dir='ltr'>Demosthenem:</span> 
     </span>
     <span class='ocr_line' id='line_1_17' title="bbox 233 1089 1444 1150; baseline -0.002 -14"><span class='ocrx_word' id='word_1_90' title='bbox 233 1089 270 1137; x_wconf 80' lang='lat' dir='ltr'>ls</span> <span class='ocrx_word' id='word_1_91' title='bbox 290 1102 383 1150; x_wconf 87' lang='lat' dir='ltr'>aput</span> <span class='ocrx_word' id='word_1_92' title='bbox 401 1100 581 1136; x_wconf 84' lang='lat' dir='ltr'>scortum</span> <span class='ocrx_word' id='word_1_93' title='bbox 598 1096 938 1148; x_wconf 73' lang='lat' dir='ltr'>corrumptelaest</span> <span class='ocrx_word' id='word_1_94' title='bbox 958 1096 1116 1148; x_wconf 69' lang='grc' dir='ltr'>11110τὶ3,</span> <span class='ocrx_word' id='word_1_95' title='bbox 1132 1096 1276 1136; x_wconf 86' lang='lat' dir='ltr'>lustris</span> <span class='ocrx_word' id='word_1_96' title='bbox 1292 1096 1444 1136; x_wconf 83' lang='lat' dir='ltr'><strong>studet.</strong></span> 
     </span>
     <span class='ocr_line' id='line_1_18' title="bbox 234 1161 1445 1215; baseline -0.001 -13"><span class='ocrx_word' id='word_1_97' title='bbox 234 1164 315 1202; x_wconf 84' lang='lat' dir='ltr'>PA.</span> <span class='ocrx_word' id='word_1_98' title='bbox 348 1164 452 1213; x_wconf 75' lang='lat' dir='ltr'>Quin</span> <span class='ocrx_word' id='word_1_99' title='bbox 475 1166 519 1200; x_wconf 89' lang='lat' dir='ltr'>tu</span> <span class='ocrx_word' id='word_1_100' title='bbox 538 1161 649 1201; x_wconf 88' lang='lat' dir='ltr'>illum</span> <span class='ocrx_word' id='word_1_101' title='bbox 666 1162 780 1200; x_wconf 73' lang='lat' dir='ltr'>iubes</span> <span class='ocrx_word' id='word_1_102' title='bbox 798 1161 966 1201; x_wconf 84' lang='lat' dir='ltr'>ancillas</span> <span class='ocrx_word' id='word_1_103' title='bbox 982 1166 1129 1215; x_wconf 77' lang='lat' dir='ltr'>rapere</span> <span class='ocrx_word' id='word_1_104' title='bbox 1145 1162 1356 1202; x_wconf 89' lang='lat' dir='ltr'>sublime&#39;m</span> <span class='ocrx_word' id='word_1_105' title='bbox 1373 1162 1445 1201; x_wconf 88' lang='lat' dir='ltr'>do-</span> 
     </span>
     <span class='ocr_line' id='line_1_19' title="bbox 779 1229 1443 1268; baseline 0.003 -3"><span class='ocrx_word' id='word_1_106' title='bbox 779 1229 914 1266; x_wconf 74' lang='lat' dir='ltr'>mum?</span> <span class='ocrx_word' id='word_1_107' title='bbox 1375 1233 1443 1268; x_wconf 74' lang='lat'>868</span> 
     </span>
     <span class='ocr_line' id='line_1_20' title="bbox 237 1291 1441 1343; baseline -0.001 -12"><span class='ocrx_word' id='word_1_108' title='bbox 237 1293 359 1331; x_wconf 74' lang='lat' dir='ltr'>ART.</span> <span class='ocrx_word' id='word_1_109' title='bbox 397 1293 508 1331; x_wconf 79' lang='lat' dir='ltr'>Tace</span> <span class='ocrx_word' id='word_1_110' title='bbox 536 1291 679 1331; x_wconf 86' lang='lat' dir='ltr'>modo:</span> <span class='ocrx_word' id='word_1_111' title='bbox 715 1305 766 1331; x_wconf 87' lang='lat' dir='ltr'>ne</span> <span class='ocrx_word' id='word_1_112' title='bbox 794 1292 901 1343; x_wconf 79' lang='lat' dir='ltr'>[ego]</span> <span class='ocrx_word' id='word_1_113' title='bbox 927 1292 1041 1331; x_wconf 86' lang='lat' dir='ltr'>sslum</span> <span class='ocrx_word' id='word_1_114' title='bbox 1066 1297 1226 1331; x_wconf 86' lang='lat' dir='ltr'>ecastor</span> <span class='ocrx_word' id='word_1_115' title='bbox 1251 1295 1441 1331; x_wconf 82' lang='lat' dir='ltr'>miserum</span> 
     </span>
     <span class='ocr_line' id='line_1_21' title="bbox 781 1358 1416 1410; baseline 0.002 -14"><span class='ocrx_word' id='word_1_116' title='bbox 781 1359 952 1396; x_wconf 89' lang='lat' dir='ltr'>habebo.</span> <span class='ocrx_word' id='word_1_117' title='bbox 999 1358 1080 1396; x_wconf 85' lang='lat' dir='ltr'>PA.</span> <span class='ocrx_word' id='word_1_118' title='bbox 1109 1359 1196 1410; x_wconf 84' lang='lat' dir='ltr'>Ego</span> <span class='ocrx_word' id='word_1_119' title='bbox 1211 1359 1317 1397; x_wconf 72' lang='lat' dir='ltr'>isti&#39;ic</span> <span class='ocrx_word' id='word_1_120' title='bbox 1333 1359 1416 1397; x_wconf 87' lang='lat' dir='ltr'>scio</span> 
     </span>
     <span class='ocr_line' id='line_1_22' title="bbox 234 1413 1441 1475; baseline 0 -14"><span class='ocrx_word' id='word_1_121' title='bbox 234 1413 291 1461; x_wconf 78' lang='lat' dir='ltr'>I&#39;ta</span> <span class='ocrx_word' id='word_1_122' title='bbox 316 1423 407 1461; x_wconf 88' lang='lat' dir='ltr'>fore</span> <span class='ocrx_word' id='word_1_123' title='bbox 430 1421 516 1473; x_wconf 83' lang='lat' dir='ltr'>illi,</span> <span class='ocrx_word' id='word_1_124' title='bbox 549 1422 642 1461; x_wconf 83' lang='lat' dir='ltr'>d1&#39;1m</span> <span class='ocrx_word' id='word_1_125' title='bbox 660 1422 822 1474; x_wconf 86' lang='lat' dir='ltr'>quidem</span> <span class='ocrx_word' id='word_1_126' title='bbox 846 1436 935 1462; x_wconf 90' lang='lat' dir='ltr'>cum</span> <span class='ocrx_word' id='word_1_127' title='bbox 950 1422 1020 1462; x_wconf 92' lang='lat' dir='ltr'>illo</span> <span class='ocrx_word' id='word_1_128' title='bbox 1037 1423 1163 1475; x_wconf 74' lang='lat' dir='ltr'>niipta</span> <span class='ocrx_word' id='word_1_129' title='bbox 1180 1424 1274 1462; x_wconf 89' lang='lat' dir='ltr'>eris.</span> <span class='ocrx_word' id='word_1_130' title='bbox 1319 1423 1441 1462; x_wconf 90' lang='lat' dir='ltr'><strong>ART.</strong></span> 
     </span>
     <span class='ocr_line' id='line_1_23' title="bbox 778 1490 1442 1540; baseline -0.003 -11"><span class='ocrx_word' id='word_1_131' title='bbox 778 1490 865 1540; x_wconf 84' lang='lat' dir='ltr'>Ego</span> <span class='ocrx_word' id='word_1_132' title='bbox 883 1490 1029 1527; x_wconf 81' lang='lat' dir='ltr'>censeo</span> <span class='ocrx_word' id='word_1_133' title='bbox 1376 1494 1442 1528; x_wconf 84' lang='lat'>870</span> 
     </span>
     <span class='ocr_line' id='line_1_24' title="bbox 235 1543 1443 1604; baseline -0.001 -13"><span class='ocrx_word' id='word_1_134' title='bbox 235 1543 336 1592; x_wconf 71' lang='lat' dir='ltr'>Eum</span> <span class='ocrx_word' id='word_1_135' title='bbox 375 1554 495 1591; x_wconf 85' lang='lat' dir='ltr'>etiam</span> <span class='ocrx_word' id='word_1_136' title='bbox 534 1554 738 1591; x_wconf 75' lang='lat' dir='ltr'>hominem</span> <span class='ocrx_word' id='word_1_137' title='bbox 771 1554 870 1604; x_wconf 92' lang='lat' dir='ltr'>[aut]</span> <span class='ocrx_word' id='word_1_138' title='bbox 902 1556 943 1590; x_wconf 92' lang='lat' dir='ltr'>in</span> <span class='ocrx_word' id='word_1_139' title='bbox 973 1557 1117 1591; x_wconf 83' lang='lat' dir='ltr'>senatu</span> <span class='ocrx_word' id='word_1_140' title='bbox 1150 1551 1248 1590; x_wconf 76' lang='lat' dir='ltr'>dare</span> <span class='ocrx_word' id='word_1_141' title='bbox 1280 1564 1443 1604; x_wconf 84' lang='lat' dir='ltr'>operam</span> 
     </span>
     <span class='ocr_line' id='line_1_25' title="bbox 781 1615 1114 1654; baseline 0 0"><span class='ocrx_word' id='word_1_142' title='bbox 781 1620 847 1654; x_wconf 90' lang='lat' dir='ltr'>aut</span> <span class='ocrx_word' id='word_1_143' title='bbox 866 1615 1114 1654; x_wconf 78' lang='lat' dir='ltr'>cluentibus:</span> 
     </span>
     <span class='ocr_line' id='line_1_26' title="bbox 232 1673 1239 1721; baseline 0.001 -1"><span class='ocrx_word' id='word_1_144' title='bbox 232 1673 291 1721; x_wconf 82' lang='lat' dir='ltr'>ibi</span> <span class='ocrx_word' id='word_1_145' title='bbox 308 1681 450 1721; x_wconf 89' lang='lat' dir='ltr'>labore</span> <span class='ocrx_word' id='word_1_146' title='bbox 468 1681 713 1721; x_wconf 75' lang='lat' dir='ltr'>delassatum</span> <span class='ocrx_word' id='word_1_147' title='bbox 728 1684 890 1720; x_wconf 73' lang='lat' dir='ltr'>ndctem</span> <span class='ocrx_word' id='word_1_148' title='bbox 905 1685 1033 1720; x_wconf 83' lang='lat' dir='ltr'>totam</span> <span class='ocrx_word' id='word_1_149' title='bbox 1049 1682 1239 1721; x_wconf 81' lang='lat' dir='ltr'>stertere.</span> 
     </span>
     <span class='ocr_line' id='line_1_27' title="bbox 236 1738 1443 1800; baseline 0.001 -15"><span class='ocrx_word' id='word_1_150' title='bbox 236 1738 376 1800; x_wconf 73' lang='lat' dir='ltr'>Opere</span> <span class='ocrx_word' id='word_1_151' title='bbox 391 1746 480 1785; x_wconf 89' lang='lat' dir='ltr'>illic</span> <span class='ocrx_word' id='word_1_152' title='bbox 498 1747 599 1785; x_wconf 85' lang='lat' dir='ltr'>foris</span> <span class='ocrx_word' id='word_1_153' title='bbox 616 1745 943 1786; x_wconf 80' lang='lat' dir='ltr'>faciundolassus</span> <span class='ocrx_word' id='word_1_154' title='bbox 955 1751 1078 1785; x_wconf 90' lang='lat' dir='ltr'>noctu</span> <span class='ocrx_word' id='word_1_155' title='bbox 1090 1746 1156 1797; x_wconf 88' lang='lat' dir='ltr'>[ad</span> <span class='ocrx_word' id='word_1_156' title='bbox 1166 1748 1245 1798; x_wconf 90' lang='lat' dir='ltr'>me]</span> <span class='ocrx_word' id='word_1_157' title='bbox 1259 1747 1443 1786; x_wconf 75' lang='lat' dir='ltr'>aduenit:</span> 
     </span>
     <span class='ocr_line' id='line_1_28' title="bbox 233 1811 1382 1863; baseline -0.001 -12"><span class='ocrx_word' id='word_1_158' title='bbox 233 1812 421 1851; x_wconf 73' lang='lat' dir='ltr'>Fi&#39;mdum</span> <span class='ocrx_word' id='word_1_159' title='bbox 438 1812 613 1851; x_wconf 84' lang='lat' dir='ltr'>alienum</span> <span class='ocrx_word' id='word_1_160' title='bbox 630 1815 730 1863; x_wconf 75' lang='lat' dir='ltr'>arat,</span> <span class='ocrx_word' id='word_1_161' title='bbox 745 1811 943 1851; x_wconf 83' lang='lat' dir='ltr'>incultum</span> <span class='ocrx_word' id='word_1_162' title='bbox 959 1812 1199 1850; x_wconf 78' lang='lat' dir='ltr'>familiarem</span> <span class='ocrx_word' id='word_1_163' title='bbox 1216 1812 1382 1851; x_wconf 79' lang='lat' dir='ltr'>deserit.</span> 
     </span>
     <span class='ocr_line' id='line_1_29' title="bbox 234 1869 1442 1930; baseline 0.001 -13"><span class='ocrx_word' id='word_1_164' title='bbox 234 1869 271 1917; x_wconf 83' lang='lat' dir='ltr'>ls</span> <span class='ocrx_word' id='word_1_165' title='bbox 290 1880 411 1917; x_wconf 82' lang='lat' dir='ltr'>etiam</span> <span class='ocrx_word' id='word_1_166' title='bbox 428 1880 683 1930; x_wconf 72' lang='lat' dir='ltr'>corri&#39;imptus</span> <span class='ocrx_word' id='word_1_167' title='bbox 701 1891 826 1930; x_wconf 81' lang='lat' dir='ltr'>porro</span> <span class='ocrx_word' id='word_1_168' title='bbox 844 1877 957 1916; x_wconf 66' lang='lat' dir='ltr'>silum</span> <span class='ocrx_word' id='word_1_169' title='bbox 974 1879 1157 1930; x_wconf 87' lang='lat' dir='ltr'>corrupit</span> <span class='ocrx_word' id='word_1_170' title='bbox 1175 1876 1317 1917; x_wconf 80' lang='lat' dir='ltr'>filium.</span> <span class='ocrx_word' id='word_1_171' title='bbox 1375 1882 1442 1918; x_wconf 83' lang='lat'>875</span> 
     </span>
     <span class='ocr_line' id='line_1_30' title="bbox 233 1942 1444 1994; baseline -0.002 -12"><span class='ocrx_word' id='word_1_172' title='bbox 233 1944 316 1983; x_wconf 86' lang='lat' dir='ltr'>PA.</span> <span class='ocrx_word' id='word_1_173' title='bbox 344 1943 526 1994; x_wconf 84' lang='lat' dir='ltr'>Se&#39;quere</span> <span class='ocrx_word' id='word_1_174' title='bbox 550 1944 624 1982; x_wconf 90' lang='lat' dir='ltr'>hac</span> <span class='ocrx_word' id='word_1_175' title='bbox 641 1956 705 1982; x_wconf 87' lang='lat' dir='ltr'>me</span> <span class='ocrx_word' id='word_1_176' title='bbox 722 1942 860 1982; x_wconf 76' lang='lat' dir='ltr'>modo:</span> <span class='ocrx_word' id='word_1_177' title='bbox 892 1944 971 1981; x_wconf 89' lang='lat' dir='ltr'>iam</span> <span class='ocrx_word' id='word_1_178' title='bbox 987 1943 1077 1981; x_wconf 81' lang='lat' dir='ltr'>faxo</span> <span class='ocrx_word' id='word_1_179' title='bbox 1094 1943 1225 1994; x_wconf 86' lang='lat' dir='ltr'>ipsum</span> <span class='ocrx_word' id='word_1_180' title='bbox 1239 1943 1444 1981; x_wconf 74' lang='lat' dir='ltr'>hdminem</span> 
     </span>
     <span class='ocr_line' id='line_1_31' title="bbox 781 2008 1242 2060; baseline 0.002 -14"><span class='ocrx_word' id='word_1_181' title='bbox 781 2008 1009 2046; x_wconf 82' lang='lat' dir='ltr'>manufesto</span> <span class='ocrx_word' id='word_1_182' title='bbox 1028 2009 1242 2060; x_wconf 61' lang='lat' dir='ltr'>opprimas</span> 
     </span>
     <span class='ocr_line' id='line_1_32' title="bbox 236 2072 1440 2125; baseline 0 -13"><span class='ocrx_word' id='word_1_183' title='bbox 236 2073 358 2114; x_wconf 80' lang='lat' dir='ltr'><strong>ART.</strong></span> <span class='ocrx_word' id='word_1_184' title='bbox 388 2074 499 2113; x_wconf 81' lang='lat' dir='ltr'>Nihil</span> <span class='ocrx_word' id='word_1_185' title='bbox 528 2078 687 2114; x_wconf 86' lang='lat' dir='ltr'>ecastor</span> <span class='ocrx_word' id='word_1_186' title='bbox 719 2075 779 2112; x_wconf 76' lang='lat' dir='ltr'>est</span> <span class='ocrx_word' id='word_1_187' title='bbox 812 2073 919 2125; x_wconf 88' lang='lat' dir='ltr'>quod</span> <span class='ocrx_word' id='word_1_188' title='bbox 949 2074 1087 2112; x_wconf 90' lang='lat' dir='ltr'>facere</span> <span class='ocrx_word' id='word_1_189' title='bbox 1117 2072 1315 2112; x_wconf 77' lang='lat' dir='ltr'>mauelim.</span> <span class='ocrx_word' id='word_1_190' title='bbox 1358 2072 1440 2112; x_wconf 87' lang='lat' dir='ltr'>PA.</span> 
     </span>
     <span class='ocr_line' id='line_1_33' title="bbox 780 2138 1443 2189; baseline -0.005 -10"><span class='ocrx_word' id='word_1_191' title='bbox 780 2140 1012 2180; x_wconf 66' lang='lat' dir='ltr'>Manedt&#39;lm.</span> <span class='ocrx_word' id='word_1_192' title='bbox 1066 2140 1190 2179; x_wconf 83' lang='lat' dir='ltr'><strong>ART.</strong></span> <span class='ocrx_word' id='word_1_193' title='bbox 1223 2138 1330 2189; x_wconf 79' lang='lat' dir='ltr'>Quid</span> <span class='ocrx_word' id='word_1_194' title='bbox 1350 2138 1443 2177; x_wconf 73' lang='lat' dir='ltr'>est?</span> 
     </span>
    </p>
   </div>
   <div class='ocr_carea' id='block_1_7' title="bbox 234 2207 1443 2328">
    <p class='ocr_par' dir='ltr' id='par_1_8' title="bbox 234 2207 1443 2328">
     <span class='ocr_line' id='line_1_34' title="bbox 234 2207 1443 2261; baseline -0.005 -12"><span class='ocrx_word' id='word_1_195' title='bbox 234 2210 313 2250; x_wconf 88' lang='lat' dir='ltr'>PA.</span> <span class='ocrx_word' id='word_1_196' title='bbox 354 2210 515 2261; x_wconf 64' lang='lat' dir='ltr'>Pdssis,</span> <span class='ocrx_word' id='word_1_197' title='bbox 545 2211 579 2249; x_wconf 86' lang='lat' dir='ltr'>si</span> <span class='ocrx_word' id='word_1_198' title='bbox 609 2210 719 2249; x_wconf 89' lang='lat' dir='ltr'>forte</span> <span class='ocrx_word' id='word_1_199' title='bbox 750 2209 1017 2249; x_wconf 79' lang='lat' dir='ltr'>adcubantem</span> <span class='ocrx_word' id='word_1_200' title='bbox 1045 2207 1156 2247; x_wconf 76' lang='lat' dir='ltr'>tilum</span> <span class='ocrx_word' id='word_1_201' title='bbox 1183 2208 1315 2246; x_wconf 89' lang='lat' dir='ltr'>uirum</span> <span class='ocrx_word' id='word_1_202' title='bbox 1348 2218 1443 2244; x_wconf 90' lang='lat' dir='ltr'>con-</span> 
     </span>
     <span class='ocr_line' id='line_1_35' title="bbox 779 2276 961 2328; baseline 0 -15"><span class='ocrx_word' id='word_1_203' title='bbox 779 2276 961 2328; x_wconf 66' lang='lat' dir='ltr'>spexeris</span> 
     </span>
    </p>
   </div>
  </div>
 </body>
</html>
