1511 2502
123 97 206 138 104
605 98 633 137 P
658 98 686 138 L
713 98 745 137 A
772 99 803 137 V
832 98 861 138 T
888 99 904 137 I
1120 114 1176 144 1111
1201 112 1221 144 2
1245 109 1396 145 68-84

181 197 316 248 Alium
339 210 463 262 piscis
483 210 777 262 praestinatum
806 211 950 249 abire?
1007 214 1089 252 HE.
1125 215 1204 252 Hic
1221 213 1396 265 uigilans

672 278 858 315 sdmniat.

177 340 263 379 ER.
295 329 429 379 A‘lium
454 341 663 392 porcinam
692 344 813 392 aitque
841 342 1023 392 agninam
1050 349 1090 381 et
1115 343 1252 396 psillos
1279 341 1395 394 galli-

729 406 908 444 naceos?

178 471 264 511 HE.
298 471 386 510 Scis
414 472 519 510 bene
537 482 643 521 esse,
669 473 702 509 si
728 472 781 509 sit
799 470 915 510 unde.
959 472 1041 511 ER.
1073 474 1312 512 Mi'iraenam
1337 478 1396 511 at-

730 548 808 587 que
826 535 1131 588 ophthalmiam,
1329 543 1398 577 850

180 602 404 653 lidwicum,
422 601 654 640 scombrum
673 601 713 639 et
731 606 946 652 trugonum
964 608 1006 641 et
1023 604 1155 642 cetum
1173 608 1214 641 et
1230 601 1396 643 mollem

731 666 921 704 caseum?

179 730 267 772 ΗΕ.
299 731 541 770 Ndminandi
566 732 737 769 istarum
765 732 839 769 tibi
865 732 946 770 erit
966 733 1091 783 magis
1109 745 1225 784 quam
1244 731 1395 772 edundi

729 798 844 848 cdpia

181 863 259 901 Hic
277 869 372 915 aput
389 876 467 913 me,
488 862 687 914 Ergasile.
729 863 813 901 ER.
845 863 966 901 Mean
983 875 1047 902 me
1069 864 1186 902 caiisa
1205 865 1281 902 hoc
1304 876 1398 903 cen-

731 941 794 967 ses
813 928 982 967 dicere?

179 994 267 1034 HE.
299 994 383 1032 Nee
401 994 506 1033 nihil
526 993 649 1034 hodie
666 995 742 1033 nec
765 993 892 1033 multo
918 993 1010 1046 plus
1040 1000 1082 1033 tu
1107 996 1172 1034 hic
1194 995 1315 1047 edes,
1346 1009 1398 1036 ne

729 1060 885 1098 friistra
901 1061 977 1098 sis:

179 1124 307 1164 Prbin
324 1131 365 1164 tu
384 1127 442 1164 tui
461 1125 654 1164 cotidiani
672 1127 770 1164 uicti
788 1130 975 1164 uentrem
990 1124 1039 1164 ad
1055 1138 1119 1164 me
1135 1124 1308 1165 adferas.
1329 1131 1398 1167 855

180 1191 261 1230 ER.
295 1191 400 1239 Quin
424 1191 480 1228 ita
506 1190 649 1228 faciam
676 1195 721 1228 ut
747 1191 832 1229 tl'lte
859 1191 996 1242 cupias
1021 1190 1159 1228 facere
1183 1195 1398 1242 sumptum,

731 1257 809 1294 etsi
826 1257 899 1306 ego
918 1260 1066 1294 uotem.

182 1321 266 1360 HE.
296 1311 468 1372 Egone?
497 1321 578 1360 ER.
608 1321 752 1360 Tune.
797 1321 885 1359 HE.
907 1321 1074 1359 'r1‘1mtu
1092 1321 1145 1359 mi
1164 1321 1289 1372 igitur
1305 1322 1400 1360 ems

732 1399 787 1425 es.
827 1387 910 1425 ER.
937 1387 1058 1424 Immo
1076 1385 1342 1426 beneuolens.

181 1451 261 1490 V1'n
286 1458 327 1490 te
356 1452 500 1490 faciam
524 1451 808 1490 fdrtunatum?
849 1452 936 1490 HE.
966 1450 1109 1490 Malim
1136 1463 1253 1501 quam
1277 1452 1398 1490 mise-

732 1517 819 1554 ri'im
839 1515 1014 1567 quidem.

181 1581 262 1620 ER.
295 1580 408 1619 cedo
435 1595 603 1620 manum.
653 1581 738 1619 HE.
769 1581 831 1619 En
860 1583 1031 1619 maniim.
1076 1581 1158 1619 ER..
1190 1580 1241 1618 Di
1256 1585 1296 1619 te
1315 1594 1398 1619 om-

729 1658 803 1684 nes
820 1645 1022 1684 Adiuuant.
1055 1645 1142 1683 HE.
1163 1644 1230 1684 Nil
1249 1647 1396 1684 sentio.

180 1711 261 1750 ER.
294 1711 383 1750 Ndn
415 1713 522 1750 enim
551 1724 594 1750 es
628 1713 669 1750 in
696 1712 921 1762 senticem,
957 1713 1005 1750 ed
1031 1724 1111 1750 non
1140 1713 1280 1751 sentis.
1336 1713 1400 1751 set

733 1778 829 1816 iube
1330 1781 1400 1818 860

183 1842 290 1881 VAsa
308 1842 383 1880 tibi
402 1856 502 1894 pura
520 1842 708 1895 adparari
725 1842 775 1882 ad
793 1856 877 1882 rem
897 1842 1072 1881 diuinam
1092 1844 1173 1881 cito

181 1895 317 1958 A'tque
336 1920 479 1959 agnum
499 1908 609 1959 [huc]
635 1907 789 1947 adferri
806 1920 985 1960 propere
1005 1910 1208 1960 pinguem.
1309 1907 1396 1946 HE.

732 1974 873 2023 Quor?
919 1974 1001 2012 ER.
1033 1973 1090 2014 Vt
1108 1973 1339 2012 sacrufices.

181 2039 267 2078 HE.
291 2039 395 2088 Quoi
413 2038 564 2077 deum?
592 2039 674 2078 ER.
689 2039 794 2078 Mihi
816 2038 1014 2090 [quidem]
1033 2037 1197 2077 he'rcle:
1215 2051 1305 2076 nam
1322 2050 1398 2089 ego

702 2119 809 2145 nunc
820 2107 895 2145 tibi
908 2119 992 2145 sum
1007 2118 1183 2144 summus
1194 2105 1398 2157 Ii'ippiter:

181 2161 293 2210 idem
325 2183 400 2222 ego
434 2183 518 2209 sum
551 2169 682 2221 Saluis,
711 2170 909 2221 Fortuna,
942 2171 1043 2221 Li'ix,
1074 2169 1264 2220 Laetitia,
1290 2169 1398 2209 Gati-

731 2235 851 2275 dium.
