1511 2502
127 149 151 163 φ

81 186 356 222 1111351—68
503 173 925 214 TRINVMMVS.
1266 172 1350 212 3:23

85 291 223 328 Pdtius
251 303 387 341 quam,
418 287 461 327 id
485 285 594 339 quod
608 287 909 338 prdxumumst,
938 296 1029 323 meo
1048 285 1163 336 tergo
1179 283 1350 323 tutelam

688 363 846 402 geram:

82 410 141 460 1ῗο
160 420 332 461 domum.
373 419 456 458 CH.
483 418 596 457 Heus
613 422 670 468 tu,
688 421 774 455 asta
790 416 904 456 ilico:
935 416 1042 467 audi,
1058 417 1162 456 heus
1177 419 1234 456 tu.
1267 416 1348 455 ST.

685 481 776 521 Non
792 486 866 522 sto.
913 482 999 522 CH.
1033 482 1096 521 Te
1110 481 1218 521 uolo.

83 551 162 590 ST.
196 549 315 600 Quid,
345 550 379 588 si
403 553 566 600 egomet
588 552 628 586 te
649 545 759 586 uelle
778 545 923 586 nollo?
968 547 1053 587 CII.
1086 548 1151 586 Ah
1171 548 1350 597 nimium,

689 612 878 663 Stasime,
896 614 1085 651 saeuiter.
1263 617 1353 652 1060

83 681 163 720 ST.
194 670 344 719 Emere
381 678 547 719 meliust
576 680 672 730 quoi
701 681 892 731 imperes.
941 679 1025 717 CH.
1057 677 1135 718 Pol
1165 691 1240 730 ego
1274 678 1351 716 emi

689 749 811 795 atque
829 745 1040 795 argentum
1059 743 1175 783 dedi:

84 811 155 849 Sett
171 812 204 849 si
220 822 302 848 non
321 808 431 849 dicto
448 809 618 848 audiens
637 813 713 859 est,
731 808 827 860 quid
844 821 916 859 ago
928 809 947 846 ⁴?
986 809 1067 848 ST.
1090 809 1150 847 Da
1165 810 1350 860 magnum

687 874 845 913 malum.

83 943 170 982 CH.
201 943 314 981 Bene
331 954 490 980 mones:
521 942 577 979 ita
593 941 731 978 fficere
746 944 953 978 certumst.
986 939 1065 979 ST.
1090 940 1175 978 Nisi
1188 939 1351 991 quidem

681 1018 726 1044 es
742 1007 949 1045 obndxius,

85 1073 169 1113 CH.
212 1073 254 1111 Si
284 1074 454 1123 bonust,
493 1072 690 1110 obndxius
720 1085 827 1110 sum:
863 1075 923 1109 s1'n
954 1077 1104 1123 secust,
1132 1073 1278 1111 faciam
1310 1073 1352 1110 ut

681 1149 834 1175 mones.

83 1203 163 1244 ST.
198 1202 302 1252 Quid
326 1201 370 1240 id
394 1201 444 1240 ad
468 1215 533 1240 me
561 1203 708 1240 attinet
735 1202 907 1240 bonisne
934 1202 1065 1240 seruis
1086 1206 1131 1241 tu
1154 1207 1271 1241 utare
1302 1206 1352 1242 dn

691 1267 835 1306 malis?
1264 1274 1352 1309 1065

83 1335 169 1374 CH.
202 1335 303 1384 Quia
318 1334 414 1372 boni
430 1333 606 1384 malique
622 1334 664 1371 in
681 1346 728 1371 ea
744 1345 790 1371 re
805 1335 900 1384 pars
914 1333 1042 1371 tibist.
1084 1333 1164 1373 ST.
1182 1334 1351 1388 „Partem

685 1397 855 1437 zilteram

85 1465 179 1503 Tibi
203 1465 422 1517 permittO,
452 1462 565 1502 illam
590 1463 760 1503 alteram
785 1469 881 1516 aput
905 1477 968 1502 me
996 1464 1105 1516 qudd
1129 1466 1267 1504 bonist
1282 1465 1353 1505 ad-

683 1531 838 1581 punito.

85 1596 171 1634 CH.
205 1594 247 1632 Si
270 1595 352 1633 eris
376 1596 567 1646 meritus,
592 1596 679 1634 fiet.
711 1595 874 1647 respice
894 1595 972 1633 huc
989 1594 1039 1633 ad
1055 1608 1138 1634 me:
1170 1608 1246 1647 ego
1265 1609 1351 1635 sum

686 1660 939 1701 Charmides.

86 1726 166 1766 ST.
198 1725 325 1776 Hem,
356 1727 444 1777 quis
470 1730 533 1765 est
558 1727 626 1778 qui
651 1727 900 1765 mentionem
924 1727 1044 1766 homo
1061 1727 1236 1766 hdminis
1252 1728 1353 1766 fecit

689 1792 874 1843 dptumi?

86 1856 171 1895 CH.
202 1845 317 1908 ipsus
340 1856 460 1894 homo
487 1858 706 1907 optumi'tst.
753 1857 833 1896 ST.
865 1857 996 1907 Mare7
1027 1862 1154 1908 terra,
1180 1855 1352 1907 caelum,

689 1922 743 1972 di,
760 1924 940 1959 uestrum
954 1921 1093 1972 fidem,
1264 1927 1355 1962 1070

87 1987 201 2026 Ξείῐίη
218 2000 292 2038 ego
306 1985 433 2026 oculis
445 1985 566 2038 plane
576 1986 698 2026 uideo
709 1988 729 2024 ’.ἒ
756 1988 871 2026 e'stne
882 1988 949 2025 hic
961 2000 1010 2025 an
1020 1999 1102 2025 non
1114 1987 1177 2025 est
1188 1986 1207 2024 ’.ἱ
1227 1988 1262 2025 is
1277 1992 1353 2028 est.

87 2053 212 2091 certe.
229 2053 263 2091 is
280 2056 356 2102 est,
373 2052 407 2090 is
426 2053 487 2089 est
502 2052 704 2104 profecto.
737 2065 759 2090 ο
776 2054 830 2090 mi
845 2064 915 2090 ere
933 2053 1261 2103 exoptatissume‚

87 2115 222 2156 Sdlue.
264 2117 349 2155 CH.
376 2115 513 2167 Salue,
530 2116 713 2156 Stzisime.
757 2117 836 2156 ST.
861 2117 1022 2156 Saluom
1035 2118 1095 2155 te'.
1111 2147 1117 2155 .
1149 2117 1234 2156 CH.
1259 2117 1353 2155 Scio

691 2187 733 2220 et
749 2182 872 2221 credd
889 2184 977 2221 tibi.

88 2247 161 2286 Se't
173 2248 315 2286 omitte
328 2245 424 2285 alia:
451 2247 528 2285 hoc
539 2248 637 2286 mihi
648 2248 872 2299 responde:
897 2247 1020 2286 liberi
1033 2247 1130 2298 quid
1141 2248 1264 2298 agunt
1274 2249 1352 2286 mei

88 2313 197 2362 Quds
214 2311 364 2364 reliqui
373 2313 439 2350 hic
450 2310 582 2350 filium
595 2316 714 2363 atque
730 2312 885 2350 fssiam‘?
916 2312 996 2351 ST.
1015 2312 1182 2361 Viudnt,
1200 2311 1353 2353 ualent.

1007 2382 1047 2414 21
1064 2375 1083 2397 *
