1511 2502
496 143 553 175 AD
579 142 685 175 rato.
712 140 1006 174 erscnssmviu.
1108 120 1112 123 ’
1326 141 1390 174 xv

116 251 267 288 receptae
292 249 522 286 conspectum,
557 245 585 276 si
610 254 716 286 pauca
739 244 899 275 addidero
924 244 964 276 de
991 244 1038 275 cis
1064 244 1174 275 verbis
1199 253 1284 284 qnae
1309 253 1390 274 con·

116 297 167 322 tra
187 301 285 323 usum
307 291 477 333 vulgarem
502 290 636 321 divisim
657 290 833 321 scribenda
858 289 956 321 duxi:
983 294 1059 320 sunt
1076 290 1288 331 potissimum
1306 288 1389 319 haee

116 338 203 369 intro
230 346 286 375 eo,
323 338 409 368 intro
433 337 540 374 mitto,
576 336 661 367 intro
686 340 814 376 specto,
842 336 928 367 intro
954 345 1086 378 rumpo,
1113 336 1144 366 z‘n
1170 336 1288 370 uicem,
1316 334 1388 365 dum

117 383 227 418 modo,
254 382 302 413 ad
322 382 445 413 modum
471 387 501 412 et
526 391 617 423 quem
643 381 689 412 ad
711 381 852 418 modum,
881 390 941 422 quo
961 381 1071 421 modo,
1097 380 1192 412 huius
1209 381 1294 412 modi
1313 390 1385 410 cum

117 428 300 465 similibus,
338 437 392 459 res
427 427 580 468 puplica,
618 428 668 459 ius
703 427 876 458 iurandum
906 426 1002 466 (hinc
1030 426 1245 468 corrigendus
1270 435 1386 457 versus

118 473 202 506 Rud.
217 471 298 512 46),
332 474 362 505 si
391 473 517 514 quidem
550 472 617 513 (sic
645 472 886 504 restituendum
911 472 978 503 Mil.
994 471 1080 513 520)
1107 478 1138 503 et
1163 472 1292 513 quando
1319 472 1374 513 qui

116 519 204 555 dem,
243 520 305 550 ium
331 519 448 550 dudum
474 524 505 549 et
529 529 623 559 quam
648 518 782 555 dudum,
820 518 916 558 prius
940 528 1052 559 quam,
1089 518 1144 549 ubi
1167 517 1237 555 ubi,
1264 527 1303 548 ne
1326 518 1374 548 uti

117 575 228 606 quam,
255 568 319 595 tam
344 565 422 596 elsi:
453 574 594 604 quorum
617 568 743 595 tantum
767 564 808 595 (le
834 563 896 594 hoc
921 564 1011 603 quod
1034 568 1204 604 postremo
1230 563 1301 594 loco
1328 572 1387 604 po-

117 610 168 641 sui
194 609 300 641 habeo
325 611 415 650 quod
440 610 558 642 dicam.
585 614 672 640 recte
690 618 737 641 ‘rv
757 611 790 641 in
808 609 937 650 Proleg.
955 609 1044 642 Trin.
1064 618 1098 650 p.
1115 617 1224 640 cxmn
1244 609 1386 640 docuisti

116 656 244 687 tametsi
274 656 495 697 compositum
526 665 599 686 esse
627 665 668 687 ex
693 659 757 686 tam
780 655 904 686 vicaria
930 654 1037 686 forma
1061 659 1167 686 tamen
1191 654 1386 696 particulae,

115 702 210 732 cuius
249 711 322 731 cum
356 710 404 732 'rv
436 701 647 732 adfirmasses
684 706 815 742 praeter
853 700 934 731 illud
969 701 1190 741 compositum
1228 700 1315 731 nulla
1355 700 1386 729 in

117 746 276 778 Plautinis
302 746 394 778 libris
412 747 567 788 exempla
583 756 777 788 superesse,
808 755 913 787 nuper
930 746 1002 786 ipse
1019 755 1064 776 ΤΕ
1083 746 1257 777 correxisti
1277 747 1309 776 in
1328 746 1386 776 ad-

118 793 283 823 notatione
309 793 352 824 ad
377 792 478 824 Stich.
494 791 539 824 44
563 793 595 823 in
616 802 679 832 quo
698 802 796 823 versu
814 791 897 822 liber
912 792 1152 823 Ambrosianus
1172 791 1261 822 illam
1279 791 1387 832 ipsam

118 837 258 869 formam
291 843 354 869 tam
385 848 443 880 pro
480 843 586 869 tamen
621 842 768 869 testatur.
801 847 888 868 nunc
915 847 990 868 vero
1018 838 1097 877 quid
1122 837 1255 868 tandem
1279 837 1387 868 obstat

117 893 182 923 quo
216 884 324 914 minus
353 893 419 915 non
448 883 555 914 solum
589 888 693 915 tamen
723 882 904 925 particulae
927 882 1014 914 hanc
1039 883 1222 914 breviatam
1247 883 1386 914 sormam

116 929 358 959 substituamus
383 929 440 960 nbi
465 929 593 959 numeri
615 929 704 959 illam
730 928 994 970 monosyllabam
1019 928 1170 970 flagitant
1196 928 1305 969 (quod
1324 928 1387 958 feci

117 973 183 1004 Mil.
203 972 269 1006 530
302 971 389 1006 1355
422 973 507 1005 Rud.
525 972 594 1006 384
635 971 722 1006 1347
764 971 868 1009 1350,
907 973 1031 1004 factum
1064 974 1181 1004 vellem
1207 970 1384 1015 Capt.297

116 1018 183 1050 Mil.
200 1017 308 1060 585),
338 1019 398 1050 sed
424 1020 523 1050 etiam
550 1024 614 1050 tam
638 1020 700 1051 etsi
724 1020 772 1050 sic
797 1019 930 1050 divisim
957 1019 1141 1050 scribamus
1168 1019 1223 1050 ubi
1250 1019 1384 1060 disylla-

116 1065 194 1096 bum
235 1069 283 1096 est
320 1063 429 1106 (quod
467 1065 579 1096 itidem
619 1065 709 1096 Trin.
731 1060 798 1096 679
827 1064 907 1102 feci,
948 1063 1084 1106 neglexi
1110 1064 1232 1106 Amph.
1248 1063 1289 1096 21
1319 1061 1386 1096 977

116 1109 210 1152 Capt
226 1108 290 1142 321
320 1110 385 1143 Mil.
402 1107 512 1150 744)‘?
539 1110 595 1141 ubi
617 1115 726 1141 autem
746 1109 874 1140 tametsi
892 1109 1068 1140 bacchium
1083 1109 1181 1141 effic1t
1196 1115 1231 1140 ut
1244 1109 1363 1140 Pseud
1376 1110 1386 1139 Ι

115 1155 137 1188 3
163 1153 205 1187 16
230 1148 294 1195 ὑφ’
314 1150 357 1186 ἓν
389 1155 600 1186 scribendum
635 1160 684 1186 est
721 1160 756 1185 ut
794 1154 999 1196 quamobrem
1032 1155 1150 1196 scripsi
1183 1155 1303 1196 meh.
1320 1153 1386 1186 552

116 1201 183 1234 Mil.
197 1199 281 1236 360,
320 1201 582 1243 quemadmodum
622 1200 764 1232 fortasse
801 1210 875 1231 oum
912 1200 1004 1231 libris
1043 1201 1188 1232 scribere
1224 1200 1385 1232 debebam

114 1247 203 1277 Trin.
220 1244 286 1278 336
312 1257 371 1299 pro
397 1257 563 1288 quemnam
588 1247 635 1277 ad
656 1246 780 1277 modum
806 1246 897 1286 quod
922 1246 962 1277 de
985 1247 1175 1277 coniectura
1191 1246 1277 1277 dedi.
1308 1255 1386 1277 con—

117 1301 164 1324 tra
189 1297 288 1333 atque
315 1293 348 1323 in
373 1292 436 1323 illis
463 1292 585 1324 factum
613 1298 662 1323 est
685 1285 749 1332 ὑφ’
770 1286 813 1322 ἐν
839 1292 957 1333 scripsi
983 1302 1130 1333 rmquczs
1155 1293 1269 1333 nequz's
1285 1292 1388 1332 siqui-s·

115 1336 305 1380 (peccatum
338 1342 386 1369 est
421 1337 484 1369 hoc
519 1339 559 1369 in
585 1348 707 1380 genere
733 1337 801 1368 Mil.
822 1334 905 1377 190)
932 1347 1007 1368 cum
1033 1337 1197 1368 similibus
1224 1343 1254 1368 et
1280 1348 1386 1369 enum-

115 1394 218 1425 quam.

205 1429 252 1460 De
281 1438 492 1460 numerorum
517 1429 688 1460 notatione
714 1428 845 1468 qualem
874 1437 945 1460 'rvo
973 1427 1127 1470 exemplo
1154 1429 1280 1459 institui
1306 1438 1385 1460 Tws

114 1481 219 1522 ipsius
243 1481 353 1512 verbis
379 1485 475 1511 utens
500 1479 563 1512 hoc
588 1479 674 1511 addo
689 1473 869 1522 ‘singulari
888 1483 964 1511 nota
986 1478 1073 1510 velut
1093 1479 1124 1509 iu
1148 1473 1215 1511 tuo
1238 1472 1386 1512 malum

114 1531 296 1573 significati
332 1532 483 1563 binarum
522 1531 726 1574 syllabarum
764 1530 1069 1573 pronuntiationem
1107 1529 1384 1572 monosyllabum,

113 1578 184 1608 sive
211 1587 250 1608 ea
274 1577 308 1608 fit
333 1577 472 1608 dumam
498 1577 662 1608 vocalium
688 1586 763 1608 sese
790 1575 1028 1618 excipientium
1042 1585 1186 1617 s3n1zeS1
1203 1576 1385 1606 sivennius

113 1623 238 1654 vtoctlis
265 1616 437 1664 ecthlipsi'.

204 1668 320 1699 Restat
347 1674 380 1699 ut
406 1668 537 1700 duobus
564 1668 747 1710 perfungar
773 1667 965 1698 muneribus
993 1676 1133 1706 quorum
1161 1666 1301 1698 alterum
1330 1676 1385 1698 ae-

113 1714 223 1754 quitas
249 1714 371 1755 exigit,
399 1714 539 1745 alterum
565 1724 640 1745 mea
665 1718 783 1755 sponte
810 1713 890 1744 inihi
915 1712 1062 1743 iniunxi:
1090 1713 1234 1753 primum
1260 1717 1294 1743 nt
1309 1722 1385 1754 pro-

111 1759 206 1791 fitear
227 1769 310 1799 quas
332 1760 580 1791 emendationes
602 1761 634 1791 in
657 1769 814 1791 versuum
836 1758 958 1790 seriem
979 1768 998 1789 a
1018 1768 1069 1788 me
1092 1763 1241 1799 receptas
1264 1758 1384 1798 quihus

113 1805 192 1836 viris
220 1805 325 1836 doctis
352 1806 507 1847 privatim
532 1810 685 1847 acceptas
713 1804 854 1836 referam
882 1804 977 1845 (nam
1005 1813 1087 1843 quas
1108 1804 1239 1845 publice
1255 1803 1296 1834 ab
1311 1803 1384 1834 aliis

112 1850 261 1892 proditas
299 1851 408 1892 recepi
447 1861 512 1883 non
547 1857 597 1882 est
628 1850 682 1882 liic
718 1850 809 1881 loeus
836 1856 870 1881 ut
899 1851 1168 1886 enumerentur),
1203 1848 1323 1880 deinde
1351 1856 1385 1879 ut

114 1905 199 1936 quae
235 1897 322 1927 curis
360 1897 515 1928 secundis
553 1895 774 1928 intellexerim
812 1895 844 1926 in
871 1894 1014 1937 singulis
1041 1894 1161 1925 fabulis
1189 1894 1385 1936 corrigenda

115 1951 188 1972 esse
217 1952 316 1981 qnam
340 1942 537 1973 brevissime
561 1942 727 1984 potuerim
751 1950 944 1983 persequar.
985 1949 1178 1981 acceperam
1207 1947 1317 1971 antem
1344 1941 1383 1970 ab

115 1986 202 2017 Rvn.
229 1987 379 2020 Kussnsro
406 1988 545 2030 conlega
570 1997 643 2019 meo
671 1987 863 2019 doctissimo
888 1996 944 2017 eas
967 1986 1174 2017 coniecturas
1190 1995 1272 2025 quas
1288 1986 1382 2016 Fam.

117 2031 230 2062 Vom.
245 2032 387 2064 Rssrztvs
407 2034 550 2076 margini
571 2033 717 2074 exempli
738 2033 790 2064 sui
810 2032 964 2063 editionis
981 2030 1237 2062 Gnonomms
1253 2032 1284 2062 in
1300 2030 1385 2073 Cap-

114 2077 191 2108 tivis
216 2077 317 2108 Milite
337 2078 481 2120 glorioso
501 2079 691 2110 Trinummo
707 2078 906 2119 ascripserat
919 2101 926 2111 ,
956 2077 996 2108 ab
1012 2086 1047 2108 se
1062 2086 1147 2107 anno
1163 2085 1385 2108 mneccxxmi

113 2123 194 2154 dum
220 2122 363 2154 Berolini
390 2124 422 2154 in
446 2125 558 2156 studia
574 2124 790 2156 humanitatis
809 2123 969 2154 incumbit
987 2132 1029 2154 ex
1046 2122 1200 2163 exemplo
1219 2123 1273 2153 illo
1294 2123 1384 2162 quod

113 2175 191 2199 tuno
218 2168 311 2202 Fam.
341 2169 430 2200 Avo.
457 2171 630 2202 XVom-*tvs
657 2169 852 2212 possidebat
876 2168 1133 2210 diligentissime
1155 2168 1380 2209 transcriptas.

113 2213 153 2244 de
181 2213 301 2253 quibus
328 2215 523 2246 coniecturis
551 2216 732 2248 Rfflzums
760 2214 847 2245 nosti
872 2224 957 2253 quae
984 2213 1070 2244 Gon.
1097 2212 1322 2245 HERMANNVS
1352 2214 1385 2243 in

114 2258 319 2294 praefatione
344 2259 524 2292 Trinummi
548 2270 659 2302 p.v111
685 2270 734 2301 sq.
762 2260 925 2296 narravit,
962 2258 1113 2289 Rmzwm
1141 2268 1197 2290 eas
1219 2253 1313 2289 ‘dum
1340 2258 1385 2288 le-

113 2310 203 2345 geret
230 2304 379 2336 Plautum
407 2307 601 2348 ascripsisse
629 2312 663 2337 ut
688 2305 866 2345 aliquando
893 2308 1104 2337 retractaret,
1135 2313 1236 2344 qnare
1252 2304 1384 2343 quiens

170 2350 355 2388 varvs
387 2351 412 2388 Ι.
1087 2348 1105 2379 b
