1511 2502
489 135 546 168 AD
572 135 679 167 FRID.
704 133 998 166 RITSCHELIVM.
1292 134 1367 166 xm

97 237 207 281 μᾶζα,
242 239 326 271 odor·
349 247 480 278 quoque
504 230 577 267 οἷπό
603 234 667 267 τοῦ
692 229 802 275 ὄζειν,
839 236 956 268 Seehus
982 245 1040 277 pro
1067 233 1194 277 Ζῆθος
1224 234 1364 277 [spectat.

97 286 159 317 hoc
191 284 223 316 ni
257 284 353 316 fallor
385 283 427 314 ad
460 282 594 314 Pacuvii
629 281 820 324 Antiopam]
855 282 1002 313 diceutes
1035 286 1066 312 et
1091 280 1280 313 Medemius
1304 291 1364 322 pro

98 323 303 367 Mezentius',
328 339 392 360 non
420 328 535 360 dubito
562 328 640 368 quin
664 328 709 358 ita
732 326 907 359 scribenda
931 327 996 358 sint
1020 332 1056 358 ut
1082 327 1192 358 omnia
1217 327 1364 368 exceptis

98 377 228 409 duobus
261 384 344 415 quae
376 373 490 404 ultimo
523 373 595 404 loco
626 373 724 414 posui
750 373 790 404 ab
813 383 829 404 s
854 372 948 403 litera
972 372 1146 414 incipiant,
1180 382 1265 412 qnae
1291 381 1364 402 mea

98 421 259 454 sententia
284 430 322 451 eo
349 429 413 450 non
438 418 649 450 mediocriter
673 418 883 450 confirmatur
906 417 995 458 quod
1013 417 1112 449 Merc.
1131 418 1159 448 V
1176 416 1196 448 2
1214 415 1260 449 84
1277 422 1364 448 uter-

98 477 161 508 que
187 466 269 497 liber
292 464 461 496 Palatinus
485 474 596 496 sonam
622 462 754 495 exhibet
776 473 836 505 pro
861 473 975 496 zonam
993 463 1244 505 (corrigendum
1263 463 1365 504 igitur

96 520 183 552 Trin.
199 516 267 551 862
293 505 526 565 sonarius]:
558 516 696 547 badz‘zas
721 520 831 547 autem
856 516 950 547 Asin.
966 515 1008 546 111
1032 513 1053 547 3
1081 513 1146 548 116
1168 514 1363 546 mutandum

98 573 146 600 est
172 568 204 599 in
229 566 384 598 badissas
409 565 451 597 ad
475 565 724 596 similitudinem
749 565 923 596 verborum
945 564 1171 596 Plautiuorum
1191 565 1365 596 malacisso

98 613 255 645 Alticisso
287 611 442 643 comissor
471 610 634 642 cuatlzisso
668 610 824 642 aliorum:
863 611 1026 650 trapezita
1060 610 1201 651 denique
1239 609 1364 641 nomini

98 664 207 690 utrum
240 657 407 697 impedita
439 666 478 687 au
507 656 687 697 trapessita
712 655 806 697 (nam
833 655 1029 687 Mezentium
1056 656 1238 696 antiquitus
1264 656 1365 686 etiam

98 704 310 736 Messentz'um
335 702 458 734 dictum
485 712 558 733 esse
583 702 715 733 tradunt
740 700 918 733 Diomedes
943 707 972 733 et
998 701 1113 733 Velius
1129 701 1265 743 Longus
1283 700 1365 731 alio-

98 758 236 790 rumque
271 748 392 780 nubem
431 747 657 789 exemplorum
693 747 853 789 geminati
889 757 906 778 s
941 756 1001 788 pro
1029 743 1049 784 ζ
1075 747 1175 788 positi
1198 745 1366 788 congessit

99 794 350 826 Scnsssmmws
385 793 406 823 l.
430 802 456 823 s.
483 803 510 824 s.
543 803 576 834 p.
592 791 661 825 38}
683 793 754 833 sq.)
779 792 1047 824 substituendum
1079 793 1121 823 sit
1145 802 1185 824 ex
1207 791 1366 834 prosodia

98 840 196 873 'iuius
220 839 362 871 nominis
389 844 476 870 recte
502 838 633 870 definita
658 838 796 879 pendet:
821 842 918 878 atque
943 837 1006 868 hac
1024 838 1057 869 in
1075 847 1108 868 re
1127 845 1193 875 τις,
1219 837 1272 869 vir·
1288 837 1349 868 doc

98 886 240 923 tissime,
258 885 368 926 opinio
384 884 530 925 graviter
544 883 703 915 fefellisse
716 883 847 915 videtur
860 883 915 923 qui
929 883 1059 925 Proleg.
1073 883 1161 914 Trin.
1176 892 1208 924 p.
1219 890 1366 914 cxxxvn

100 930 242 962 confisus
271 929 458 970 integritate
489 929 670 970 scripturae
703 928 862 960 librorum
895 928 927 959 in
950 938 1050 960 versu
1075 928 1162 958 Trin.
1178 926 1244 959 425
1269 928 1365 958 adse-

99 976 224 1007 vei-aris
245 968 276 1006 ‘z
302 975 428 1005 literam
454 975 486 1004 in
511 975 677 1014 trapezita
700 974 732 1004 vi
748 974 926 1015 positionis
943 979 1076 1004 exutam
1095 967 1190 1010 esse',
1218 983 1282 1013 quo
1304 982 1366 1014 ego

100 1022 186 1052 dicto
212 1021 299 1051 bona
321 1019 386 1050 fide
411 1028 491 1049 usus
517 1019 557 1050 de
584 1019 714 1050 duobus
740 1019 891 1050 versibus
919 1017 1130 1059 Captivorum
1153 1028 1255 1060 prave
1281 1018 1366 1049 iudi-

100 1066 183 1098 cavi.
216 1064 330 1096 evolve
368 1065 453 1095 enim
489 1073 614 1103 quaeso
647 1063 708 1094 hos
733 1073 849 1095 versus
874 1062 1044 1094 Plautinos
1067 1073 1206 1103 quorum
1230 1063 1366 1103 vulgata

99 1111 260 1152 scriptura
282 1114 369 1141 recte
394 1119 428 1139 se
453 1108 568 1139 habet:
596 1108 689 1139 Asin.
703 1108 731 1139 II
748 1107 771 1141 4
786 1106 831 1140 32
850 1106 942 1139 Cure.
959 1108 1001 1139 ΙΙΙ
1025 1107 1070 1140 50
1092 1108 1147 1139 ΙῘΠ
1163 1107 1185 1139 4
1203 1106 1226 1139 3
1244 1108 1274 1138 V
1288 1107 1308 1138 2
1323 1107 1368 1140 20

99 1155 264 1188 Pseud.11
288 1152 310 1186 4
335 1151 378 1187 67
410 1159 440 1185 et
474 1153 559 1185 adde
585 1151 758 1195 Capt.449
781 1154 837 1193 qui
860 1163 977 1184 versus
1002 1154 1157 1184 restincto
1184 1163 1257 1184 meo
1288 1162 1365 1194 sup-

99 1201 265 1244 plemento
291 1198 392 1241 (illud
412 1193 501 1230 ‘mea
526 1193 789 1240 interpolatione'
812 1198 903 1230 volui
928 1198 1056 1240 dicere)
1081 1199 1127 1230 ita
1143 1198 1367 1230 restituendus

101 1259 149 1286 est
181 1246 364 1296 Sequere
399 1257 463 1282 me
500 1244 691 1282 uiaticum
731 1248 777 1282 ut
807 1243 900 1282 dem
929 1246 950 1282 εί
980 1244 1199 1295 trapessitzi
1228 1244 1304 1282 tibi
1337 1256 1368 1281 et

101 1302 249 1334 eiusdem
282 1300 413 1332 fabulae
438 1310 470 1331 v.
489 1296 554 1332 193
578 1299 634 1339 qui
660 1300 692 1330 in
717 1299 804 1331 bunc
830 1299 965 1330 modum
991 1300 1142 1341 apicibus
1168 1300 1367 1341 consignan-

102 1355 163 1386 dus
194 1358 242 1385 est
279 1343 529 1395 Quantillum
568 1345 726 1395 argenti
766 1345 820 1383 mi
859 1342 953 1396 aput
991 1345 1250 1396 trapessitzim
1289 1344 1369 1382 siet

103 1414 132 1440 et
157 1407 250 1439 Curc.
266 1408 297 1439 V
319 1405 340 1439 3
364 1404 410 1439 43
435 1406 486 1438 cui
513 1415 574 1448 ope
599 1407 640 1437 V.
663 1405 697 1437 C.
722 1406 805 1438 haec
831 1406 936 1438 forma
958 1406 1128 1438 reddenda
1148 1412 1196 1438 est
1217 1400 1281 1438 Tt'l
1303 1411 1367 1437 me

102 1468 297 1508 sequere:
337 1456 424 1504 Qud
462 1467 610 1506 sequar
646 1455 720 1492 te?
781 1443 844 1493 Ᾰᾶ
880 1456 1138 1506 ῐταρεεείῐέιη
1173 1467 1307 1494 meum
1337 1466 1368 1492 et

102 1512 251 1544 eiusdem
289 1510 420 1542 fabulae
453 1510 481 1540 II
516 1509 538 1541 3
573 1507 617 1542 66
653 1511 746 1542 cuius
782 1516 1001 1542 correcturam
1039 1511 1071 1542 in
1108 1510 1236 1553 Proleg.
1276 1510 1365 1541 Trin.

103 1570 135 1600 p.
154 1565 262 1588 cxxvr
289 1557 496 1600 propositam
525 1563 573 1587 'rv
605 1555 684 1586 mihi
715 1556 864 1597 probasti
892 1561 1022 1597 praeter
1047 1557 1158 1598 apices
1185 1557 1231 1587 sic
1255 1556 1368 1597 potius

103 1608 347 1650 dispertiendos
366 1600 455 1652 [Ibi]
473 1599 670 1638 ‘dedistin
684 1604 728 1639 tu
743 1601 999 1652 argentum?
1026 1602 1209 1653 inquam:
1231 1602 1367 1639 ‘immo

104 1656 199 1709 {put
228 1657 486 1708 trapessitfim
515 1657 689 1694 situmst'
721 1662 804 1702 (nisi
830 1662 972 1694 fortasse
1001 1663 1047 1694 sic
1066 1663 1301 1695 instaurandus
1320 1667 1367 1693 est

103 1711 308 1752 ‘Dedistin
328 1716 374 1750 tu
393 1711 648 1762 argentum?
678 1713 860 1763 inquam:
893 1712 1043 1750 ‘immo'
1075 1711 1236 1764 [inquit]
1258 1710 1369 1763 ‘aput

103 1768 361 1819 trapessitzim
392 1762 621 1822 situmst'):
651 1772 725 1804 illos
750 1773 885 1813 inquam
910 1783 1026 1804 versus
1044 1774 1072 1804 si
1091 1774 1368 1809 consideraveris,

104 1833 144 1854 ne
168 1831 214 1854 'rv
241 1823 358 1864 opinor
381 1822 463 1853 mihi
488 1821 710 1863 astipulabere
735 1832 800 1853 uon
823 1821 932 1853 solnm
946 1819 1166 1854 Trin.425i11
1185 1833 1250 1862 quo
1272 1832 1366 1854 versu

104 1878 156 1899 me
187 1877 284 1899 ’ΝΛΜ
318 1874 537 1900 cor-recturam
563 1876 668 1908 nuper
691 1867 895 1908 propositam
922 1869 1087 1909 recepisse
1112 1877 1212 1909 supra
1237 1867 1367 1909 profes-

106 1929 163 1951 sus
180 1929 253 1950 sum
272 1929 357 1950 nunc
375 1921 422 1951 sic
445 1919 621 1961 corrigenti
643 1911 905 1964 Trape'ssitae
928 1911 1234 1951 drachumdrum
1256 1911 1369 1950 mille

107 1967 348 2019 Olt'lmpicho
372 1973 424 2006 vel
448 1965 661 2019 Olt'lmpico
687 1972 746 2004 sed
772 1973 869 2004 etiam
894 1972 956 2004 hos
981 1982 1097 2004 versus
1118 1972 1212 2004 Cure.
1228 1973 1252 2003 l]
1279 1970 1301 2005 3
1326 1970 1369 2004 62

107 2022 147 2053 111
170 2020 214 2055 36
238 2023 269 2054 V
290 2021 312 2056 3
336 2020 381 2055 34
402 2022 526 2065 Epid.1
549 2021 569 2054 2
593 2020 637 2054 40
660 2022 788 2053 lenibus
812 2021 1125 2063 transpositionibus
1143 2022 1175 2053 in
1193 2021 1279 2053 hunc
1301 2031 1369 2052 mo-

107 2068 184 2099 dum
212 2068 447 2110 redintegranti

163 2112 343 2174 Ecquem
373 2123 415 2161 in
435 2121 641 2174 Epidauro
670 2122 928 2174 trapessitdm
946 2122 1152 2161 Luconem
1172 2122 1366 2160 nouerim.

165 2189 442 2242 Trape'ssitam
464 2187 562 2239 [hic]
584 2188 789 2226 Lucdnem
813 2199 985 2238 quaero:
1014 2188 1088 2226 Dic
1109 2188 1219 2226 mihi.

165 2254 236 2291 Me
260 2256 346 2306 ipso
368 2257 586 2305 praesente
607 2254 647 2292 et
668 2253 884 2306 trapessitzi
904 2252 1090 2292 Lucone:
1121 2252 1210 2292 Νόιι
1230 2251 1371 2291 taces?
