<?xml version="1.0" encoding="UTF-8"?>
<!DOCTYPE html PUBLIC "-//W3C//DTD XHTML 1.0 Transitional//EN"
    "http://www.w3.org/TR/xhtml1/DTD/xhtml1-transitional.dtd">
<html xmlns="http://www.w3.org/1999/xhtml" xml:lang="en" lang="en">
 <head>
  <title>
</title>
<meta http-equiv="Content-Type" content="text/html;charset=utf-8" />
  <meta name='ocr-system' content='tesseract 3.04.00' />
  <meta name='ocr-capabilities' content='ocr_page ocr_carea ocr_par ocr_line ocrx_word'/>
</head>
<body>
  <div class='ocr_page' id='page_1' title='image "./comoediae0102plauuoft_0481.png"; bbox 0 0 1511 2502; ppageno 0'>
   <div class='ocr_carea' id='block_1_1' title="bbox 124 353 165 384">
    <p class='ocr_par' dir='ltr' id='par_1_1' title="bbox 124 353 165 384">
     <span class='ocr_line' id='line_1_1' title="bbox 124 353 165 384; baseline 0 0"><span class='ocrx_word' id='word_1_1' title='bbox 124 353 165 384; x_wconf 83' lang='lat' dir='ltr'>V.</span> 
     </span>
    </p>
   </div>
   <div class='ocr_carea' id='block_1_2' title="bbox 345 253 1170 301">
    <p class='ocr_par' dir='ltr' id='par_1_2' title="bbox 345 253 1170 301">
     <span class='ocr_line' id='line_1_2' title="bbox 345 253 1170 301; baseline -0.002 0"><span class='ocrx_word' id='word_1_2' title='bbox 345 255 503 301; x_wconf 67' lang='lat' dir='ltr'><strong>METRA</strong></span> <span class='ocrx_word' id='word_1_3' title='bbox 526 253 665 299; x_wconf 82' lang='lat' dir='ltr'>flvlvs</span> <span class='ocrx_word' id='word_1_4' title='bbox 689 254 893 299; x_wconf 70' lang='lat' dir='ltr'><strong>FABVLAE</strong></span> <span class='ocrx_word' id='word_1_5' title='bbox 916 254 1032 299; x_wconf 77' lang='lat' dir='ltr'>nAEc</span> <span class='ocrx_word' id='word_1_6' title='bbox 1056 255 1170 299; x_wconf 69' lang='lat' dir='ltr'>svm*</span> 
     </span>
    </p>
   </div>
   <div class='ocr_carea' id='block_1_3' title="bbox 225 348 1393 887">
    <p class='ocr_par' dir='ltr' id='par_1_3' title="bbox 225 348 1393 887">
     <span class='ocr_line' id='line_1_3' title="bbox 257 348 705 385; baseline -0.013 -1"><span class='ocrx_word' id='word_1_7' title='bbox 257 352 275 385; x_wconf 90' lang='lat'>1</span> <span class='ocrx_word' id='word_1_8' title='bbox 303 349 490 382; x_wconf 74' lang='lat' dir='ltr'>trochaicus</span> <span class='ocrx_word' id='word_1_9' title='bbox 516 348 705 380; x_wconf 84' lang='lat' dir='ltr'>octonarius</span> 
     </span>
     <span class='ocr_line' id='line_1_4' title="bbox 254 401 876 440; baseline -0.006 -3"><span class='ocrx_word' id='word_1_10' title='bbox 254 407 276 440; x_wconf 83' lang='lat'>2</span> <span class='ocrx_word' id='word_1_11' title='bbox 300 406 440 437; x_wconf 88' lang='lat' dir='ltr'>creticus</span> <span class='ocrx_word' id='word_1_12' title='bbox 464 408 655 435; x_wconf 78' lang='lat' dir='ltr'>tetrameter</span> <span class='ocrx_word' id='word_1_13' title='bbox 677 401 876 434; x_wconf 81' lang='lat' dir='ltr'>acatalectus</span> 
     </span>
     <span class='ocr_line' id='line_1_5' title="bbox 254 456 1393 500; baseline 0 -8"><span class='ocrx_word' id='word_1_14' title='bbox 254 460 276 492; x_wconf 85' lang='lat'>4</span> <span class='ocrx_word' id='word_1_15' title='bbox 299 459 441 492; x_wconf 89' lang='lat' dir='ltr'>creticus</span> <span class='ocrx_word' id='word_1_16' title='bbox 466 459 606 490; x_wconf 89' lang='lat' dir='ltr'>dimeter</span> <span class='ocrx_word' id='word_1_17' title='bbox 632 456 831 489; x_wconf 85' lang='lat' dir='ltr'>acatalectus</span> <span class='ocrx_word' id='word_1_18' title='bbox 857 466 929 488; x_wconf 88' lang='lat' dir='ltr'>cum</span> <span class='ocrx_word' id='word_1_19' title='bbox 956 458 1104 500; x_wconf 84' lang='lat' dir='ltr'>tripodia</span> <span class='ocrx_word' id='word_1_20' title='bbox 1125 459 1291 492; x_wconf 85' lang='lat' dir='ltr'>trochaica</span> <span class='ocrx_word' id='word_1_21' title='bbox 1306 466 1393 492; x_wconf 78' lang='lat' dir='ltr'>cata—</span> 
     </span>
     <span class='ocr_line' id='line_1_6' title="bbox 728 513 846 545; baseline 0 -1"><span class='ocrx_word' id='word_1_22' title='bbox 728 513 846 545; x_wconf 78' lang='lat' dir='ltr'>lectica</span> 
     </span>
     <span class='ocr_line' id='line_1_7' title="bbox 252 566 719 602; baseline -0.004 0"><span class='ocrx_word' id='word_1_23' title='bbox 252 570 273 602; x_wconf 91' lang='lat'>5</span> <span class='ocrx_word' id='word_1_24' title='bbox 299 570 343 602; x_wconf 79' lang='lat' dir='ltr'>ad</span> <span class='ocrx_word' id='word_1_25' title='bbox 368 566 412 602; x_wconf 80' lang='lat'>18</span> <span class='ocrx_word' id='word_1_26' title='bbox 436 569 571 601; x_wconf 84' lang='lat' dir='ltr'>iambici</span> <span class='ocrx_word' id='word_1_27' title='bbox 594 568 719 600; x_wconf 85' lang='lat' dir='ltr'>senarii</span> 
     </span>
     <span class='ocr_line' id='line_1_8' title="bbox 230 624 723 667; baseline -0.008 -8"><span class='ocrx_word' id='word_1_28' title='bbox 230 625 272 660; x_wconf 88' lang='grc'>19</span> <span class='ocrx_word' id='word_1_29' title='bbox 295 625 484 658; x_wconf 78' lang='lat' dir='ltr'>trochaicus</span> <span class='ocrx_word' id='word_1_30' title='bbox 511 624 723 667; x_wconf 81' lang='lat' dir='ltr'>septenarius</span> 
     </span>
     <span class='ocr_line' id='line_1_9' title="bbox 226 679 945 715; baseline -0.006 0"><span class='ocrx_word' id='word_1_31' title='bbox 226 682 272 715; x_wconf 88' lang='lat'>20</span> <span class='ocrx_word' id='word_1_32' title='bbox 294 681 493 714; x_wconf 86' lang='lat' dir='ltr'>bacchiacus</span> <span class='ocrx_word' id='word_1_33' title='bbox 518 684 708 712; x_wconf 78' lang='lat' dir='ltr'><strong>tetrameter</strong></span> <span class='ocrx_word' id='word_1_34' title='bbox 732 679 945 712; x_wconf 79' lang='lat' dir='ltr'>catalecticus</span> 
     </span>
     <span class='ocr_line' id='line_1_10' title="bbox 225 735 1009 771; baseline -0.004 -2"><span class='ocrx_word' id='word_1_35' title='bbox 225 736 267 769; x_wconf 89' lang='grc'>21</span> <span class='ocrx_word' id='word_1_36' title='bbox 294 738 338 770; x_wconf 87' lang='lat' dir='ltr'>ad</span> <span class='ocrx_word' id='word_1_37' title='bbox 362 735 407 771; x_wconf 91' lang='lat'>26</span> <span class='ocrx_word' id='word_1_38' title='bbox 431 735 602 768; x_wconf 79' lang='lat' dir='ltr'>bacchiaci</span> <span class='ocrx_word' id='word_1_39' title='bbox 628 735 812 767; x_wconf 88' lang='lat' dir='ltr'>tetrametri</span> <span class='ocrx_word' id='word_1_40' title='bbox 837 735 1009 767; x_wconf 86' lang='lat' dir='ltr'>acatalecti</span> 
     </span>
     <span class='ocr_line' id='line_1_11' title="bbox 226 789 937 825; baseline -0.004 0"><span class='ocrx_word' id='word_1_41' title='bbox 226 790 270 825; x_wconf 86' lang='lat'>27</span> <span class='ocrx_word' id='word_1_42' title='bbox 297 797 327 823; x_wconf 82' lang='lat' dir='ltr'>et</span> <span class='ocrx_word' id='word_1_43' title='bbox 351 789 397 824; x_wconf 90' lang='grc'>28</span> <span class='ocrx_word' id='word_1_44' title='bbox 421 791 535 823; x_wconf 82' lang='lat' dir='ltr'>cretici</span> <span class='ocrx_word' id='word_1_45' title='bbox 559 790 740 822; x_wconf 87' lang='lat' dir='ltr'>tetrametri</span> <span class='ocrx_word' id='word_1_46' title='bbox 765 789 937 822; x_wconf 87' lang='lat' dir='ltr'>acatalecti</span> 
     </span>
     <span class='ocr_line' id='line_1_12' title="bbox 226 844 821 887; baseline -0.007 -7"><span class='ocrx_word' id='word_1_47' title='bbox 226 845 271 880; x_wconf 84' lang='lat'>29</span> <span class='ocrx_word' id='word_1_48' title='bbox 295 846 338 878; x_wconf 91' lang='lat' dir='ltr'>ad</span> <span class='ocrx_word' id='word_1_49' title='bbox 363 844 431 880; x_wconf 88' lang='lat'>108</span> <span class='ocrx_word' id='word_1_50' title='bbox 454 845 615 878; x_wconf 85' lang='lat' dir='ltr'>trochaici</span> <span class='ocrx_word' id='word_1_51' title='bbox 640 847 821 887; x_wconf 81' lang='lat' dir='ltr'>septenarii</span> 
     </span>
    </p>
   </div>
   <div class='ocr_carea' id='block_1_4' title="bbox 140 900 1389 1443">
    <p class='ocr_par' dir='ltr' id='par_1_4' title="bbox 143 900 738 936">
     <span class='ocr_line' id='line_1_13' title="bbox 143 900 738 936; baseline -0.008 0"><span class='ocrx_word' id='word_1_52' title='bbox 143 924 153 927; x_wconf 60' lang='lat'>&lt;</span> <span class='ocrx_word' id='word_1_53' title='bbox 204 901 271 936; x_wconf 89' lang='lat'>109</span> <span class='ocrx_word' id='word_1_54' title='bbox 295 903 339 934; x_wconf 82' lang='lat' dir='ltr'>ad</span> <span class='ocrx_word' id='word_1_55' title='bbox 361 900 428 936; x_wconf 87' lang='grc'>367</span> <span class='ocrx_word' id='word_1_56' title='bbox 454 901 589 933; x_wconf 78' lang='lat' dir='ltr'>iambici</span> <span class='ocrx_word' id='word_1_57' title='bbox 613 901 738 933; x_wconf 87' lang='lat' dir='ltr'>senarii</span> 
     </span>
    </p>

    <p class='ocr_par' dir='ltr' id='par_1_5' title="bbox 142 954 817 997">
     <span class='ocr_line' id='line_1_14' title="bbox 142 954 817 997; baseline -0.007 -6"><span class='ocrx_word' id='word_1_58' title='bbox 142 979 154 982; x_wconf 97' lang='lat'>-</span> <span class='ocrx_word' id='word_1_59' title='bbox 203 956 272 991; x_wconf 81' lang='lat'>368</span> <span class='ocrx_word' id='word_1_60' title='bbox 295 958 339 990; x_wconf 84' lang='lat' dir='ltr'>ad</span> <span class='ocrx_word' id='word_1_61' title='bbox 359 956 427 991; x_wconf 81' lang='lat'>499</span> <span class='ocrx_word' id='word_1_62' title='bbox 450 956 609 989; x_wconf 85' lang='lat' dir='ltr'>trochaici</span> <span class='ocrx_word' id='word_1_63' title='bbox 633 954 817 997; x_wconf 77' lang='lat' dir='ltr'>septenarii</span> 
     </span>
    </p>

    <p class='ocr_par' dir='ltr' id='par_1_6' title="bbox 142 1012 739 1047">
     <span class='ocr_line' id='line_1_15' title="bbox 142 1012 739 1047; baseline -0.007 0"><span class='ocrx_word' id='word_1_64' title='bbox 142 1035 153 1038; x_wconf 93' lang='lat'>-</span> <span class='ocrx_word' id='word_1_65' title='bbox 203 1013 270 1047; x_wconf 87' lang='lat'>500</span> <span class='ocrx_word' id='word_1_66' title='bbox 292 1014 335 1046; x_wconf 88' lang='lat' dir='ltr'>ad</span> <span class='ocrx_word' id='word_1_67' title='bbox 360 1012 427 1046; x_wconf 92' lang='lat'>525</span> <span class='ocrx_word' id='word_1_68' title='bbox 453 1013 588 1044; x_wconf 84' lang='lat' dir='ltr'>iambici</span> <span class='ocrx_word' id='word_1_69' title='bbox 614 1013 739 1044; x_wconf 88' lang='lat' dir='ltr'>senarii</span> 
     </span>
    </p>

    <p class='ocr_par' dir='ltr' id='par_1_7' title="bbox 140 1067 824 1111">
     <span class='ocr_line' id='line_1_16' title="bbox 140 1067 824 1111; baseline -0.007 -6"><span class='ocrx_word' id='word_1_70' title='bbox 140 1091 153 1095; x_wconf 96' lang='lat'>-</span> <span class='ocrx_word' id='word_1_71' title='bbox 202 1069 269 1104; x_wconf 87' lang='lat'>526</span> <span class='ocrx_word' id='word_1_72' title='bbox 295 1071 339 1102; x_wconf 84' lang='lat' dir='ltr'>ad</span> <span class='ocrx_word' id='word_1_73' title='bbox 362 1067 430 1102; x_wconf 86' lang='lat'>572</span> <span class='ocrx_word' id='word_1_74' title='bbox 456 1069 618 1101; x_wconf 86' lang='lat' dir='ltr'>trochaici</span> <span class='ocrx_word' id='word_1_75' title='bbox 642 1068 824 1111; x_wconf 83' lang='lat' dir='ltr'>septenarii</span> 
     </span>
    </p>

    <p class='ocr_par' dir='ltr' id='par_1_8' title="bbox 141 1125 740 1161">
     <span class='ocr_line' id='line_1_17' title="bbox 141 1125 740 1161; baseline -0.008 0"><span class='ocrx_word' id='word_1_76' title='bbox 141 1149 153 1152; x_wconf 99' lang='lat'>-</span> <span class='ocrx_word' id='word_1_77' title='bbox 202 1125 270 1161; x_wconf 83' lang='grc'>573</span> <span class='ocrx_word' id='word_1_78' title='bbox 296 1127 339 1159; x_wconf 86' lang='lat' dir='ltr'>ad</span> <span class='ocrx_word' id='word_1_79' title='bbox 363 1125 430 1160; x_wconf 88' lang='grc'>611</span> <span class='ocrx_word' id='word_1_80' title='bbox 456 1126 591 1158; x_wconf 86' lang='lat' dir='ltr'>iambici</span> <span class='ocrx_word' id='word_1_81' title='bbox 615 1125 740 1158; x_wconf 82' lang='lat' dir='ltr'>senarii</span> 
     </span>
    </p>

    <p class='ocr_par' dir='ltr' id='par_1_9' title="bbox 141 1179 802 1217">
     <span class='ocr_line' id='line_1_18' title="bbox 141 1179 802 1217; baseline -0.011 1"><span class='ocrx_word' id='word_1_82' title='bbox 141 1204 153 1207; x_wconf 98' lang='lat'><em>-</em></span> <span class='ocrx_word' id='word_1_83' title='bbox 203 1182 271 1217; x_wconf 91' lang='grc'>612</span> <span class='ocrx_word' id='word_1_84' title='bbox 296 1182 338 1214; x_wconf 88' lang='lat' dir='ltr'>ad</span> <span class='ocrx_word' id='word_1_85' title='bbox 362 1181 429 1216; x_wconf 86' lang='lat'>615</span> <span class='ocrx_word' id='word_1_86' title='bbox 454 1180 615 1214; x_wconf 87' lang='lat' dir='ltr'>trochaici</span> <span class='ocrx_word' id='word_1_87' title='bbox 640 1179 802 1213; x_wconf 82' lang='lat' dir='ltr'>octonarii</span> 
     </span>
    </p>

    <p class='ocr_par' dir='ltr' id='par_1_10' title="bbox 142 1234 876 1272">
     <span class='ocr_line' id='line_1_19' title="bbox 142 1234 876 1272; baseline -0.008 0"><span class='ocrx_word' id='word_1_88' title='bbox 142 1259 153 1262; x_wconf 46' lang='lat'><strong><em>⁴</em></strong></span> <span class='ocrx_word' id='word_1_89' title='bbox 203 1237 270 1272; x_wconf 88' lang='lat'>616</span> <span class='ocrx_word' id='word_1_90' title='bbox 295 1238 435 1269; x_wconf 87' lang='lat' dir='ltr'>creticus</span> <span class='ocrx_word' id='word_1_91' title='bbox 461 1241 652 1268; x_wconf 80' lang='lat' dir='ltr'>tetrameter</span> <span class='ocrx_word' id='word_1_92' title='bbox 677 1234 876 1267; x_wconf 85' lang='lat' dir='ltr'>acatalectus</span> 
     </span>
    </p>

    <p class='ocr_par' dir='ltr' id='par_1_11' title="bbox 142 1289 1029 1326">
     <span class='ocr_line' id='line_1_20' title="bbox 142 1289 1029 1326; baseline -0.006 0"><span class='ocrx_word' id='word_1_93' title='bbox 142 1313 153 1316; x_wconf 86' lang='lat'>-</span> <span class='ocrx_word' id='word_1_94' title='bbox 203 1290 270 1326; x_wconf 89' lang='grc'>617</span> <span class='ocrx_word' id='word_1_95' title='bbox 297 1291 339 1323; x_wconf 84' lang='lat' dir='ltr'>ad</span> <span class='ocrx_word' id='word_1_96' title='bbox 363 1289 431 1325; x_wconf 89' lang='lat'>619</span> <span class='ocrx_word' id='word_1_97' title='bbox 454 1290 625 1322; x_wconf 86' lang='lat' dir='ltr'>bacchiaci</span> <span class='ocrx_word' id='word_1_98' title='bbox 650 1290 832 1322; x_wconf 87' lang='lat' dir='ltr'>tetrametri</span> <span class='ocrx_word' id='word_1_99' title='bbox 858 1289 1029 1322; x_wconf 81' lang='lat' dir='ltr'>acatalecti</span> 
     </span>
    </p>

    <p class='ocr_par' dir='ltr' id='par_1_12' title="bbox 143 1345 1025 1388">
     <span class='ocr_line' id='line_1_21' title="bbox 143 1345 1025 1388; baseline -0.003 -8"><span class='ocrx_word' id='word_1_100' title='bbox 143 1369 153 1372; x_wconf 92' lang='lat'><em>—</em></span> <span class='ocrx_word' id='word_1_101' title='bbox 205 1346 273 1380; x_wconf 86' lang='lat'>620</span> <span class='ocrx_word' id='word_1_102' title='bbox 299 1347 385 1379; x_wconf 84' lang='lat' dir='ltr'>duae</span> <span class='ocrx_word' id='word_1_103' title='bbox 409 1346 577 1388; x_wconf 90' lang='lat' dir='ltr'>tripodiae</span> <span class='ocrx_word' id='word_1_104' title='bbox 602 1345 789 1377; x_wconf 89' lang='lat' dir='ltr'>trochaicae</span> <span class='ocrx_word' id='word_1_105' title='bbox 815 1345 1025 1377; x_wconf 86' lang='lat' dir='ltr'>catalecticae</span> 
     </span>
    </p>

    <p class='ocr_par' dir='ltr' id='par_1_13' title="bbox 144 1401 1389 1443">
     <span class='ocr_line' id='line_1_22' title="bbox 144 1401 1389 1443; baseline -0.002 -6"><span class='ocrx_word' id='word_1_106' title='bbox 144 1425 154 1428; x_wconf 45' lang='lat'><strong><em>⁴</em></strong></span> <span class='ocrx_word' id='word_1_107' title='bbox 204 1402 270 1437; x_wconf 91' lang='lat'>621</span> <span class='ocrx_word' id='word_1_108' title='bbox 295 1403 436 1434; x_wconf 86' lang='lat' dir='ltr'>creticus</span> <span class='ocrx_word' id='word_1_109' title='bbox 462 1402 603 1433; x_wconf 82' lang='lat' dir='ltr'>dimeter</span> <span class='ocrx_word' id='word_1_110' title='bbox 625 1401 824 1434; x_wconf 86' lang='lat' dir='ltr'>acatalectus</span> <span class='ocrx_word' id='word_1_111' title='bbox 851 1411 925 1433; x_wconf 86' lang='lat' dir='ltr'>cum</span> <span class='ocrx_word' id='word_1_112' title='bbox 948 1402 1097 1443; x_wconf 83' lang='lat' dir='ltr'>tripodia</span> <span class='ocrx_word' id='word_1_113' title='bbox 1116 1402 1284 1434; x_wconf 82' lang='lat' dir='ltr'>trochaica</span> <span class='ocrx_word' id='word_1_114' title='bbox 1301 1407 1389 1435; x_wconf 83' lang='lat' dir='ltr'>cata-</span> 
     </span>
    </p>
   </div>
   <div class='ocr_carea' id='block_1_5' title="bbox 724 1457 841 1489">
    <p class='ocr_par' dir='ltr' id='par_1_14' title="bbox 724 1457 841 1489">
     <span class='ocr_line' id='line_1_23' title="bbox 724 1457 841 1489; baseline 0 -1"><span class='ocrx_word' id='word_1_115' title='bbox 724 1457 841 1489; x_wconf 85' lang='lat' dir='ltr'>lectica</span> 
     </span>
    </p>
   </div>
   <div class='ocr_carea' id='block_1_6' title="bbox 140 1511 1387 2055">
    <p class='ocr_par' dir='ltr' id='par_1_15' title="bbox 142 1511 978 1548">
     <span class='ocr_line' id='line_1_24' title="bbox 142 1511 978 1548; baseline -0.005 0"><span class='ocrx_word' id='word_1_116' title='bbox 142 1536 152 1539; x_wconf 95' lang='lat'>—</span> <span class='ocrx_word' id='word_1_117' title='bbox 203 1515 271 1548; x_wconf 82' lang='lat'>622</span> <span class='ocrx_word' id='word_1_118' title='bbox 296 1515 339 1546; x_wconf 82' lang='lat' dir='ltr'>ad</span> <span class='ocrx_word' id='word_1_119' title='bbox 363 1512 432 1547; x_wconf 87' lang='lat'>624</span> <span class='ocrx_word' id='word_1_120' title='bbox 456 1514 571 1545; x_wconf 87' lang='lat' dir='ltr'>cretici</span> <span class='ocrx_word' id='word_1_121' title='bbox 596 1514 779 1544; x_wconf 88' lang='lat' dir='ltr'>tetrametri</span> <span class='ocrx_word' id='word_1_122' title='bbox 804 1511 978 1544; x_wconf 88' lang='lat' dir='ltr'>acatalecti</span> 
     </span>
    </p>

    <p class='ocr_par' dir='ltr' id='par_1_16' title="bbox 142 1567 934 1603">
     <span class='ocr_line' id='line_1_25' title="bbox 142 1567 934 1603; baseline -0.005 0"><span class='ocrx_word' id='word_1_123' title='bbox 142 1590 154 1595; x_wconf 95' lang='lat'>-</span> <span class='ocrx_word' id='word_1_124' title='bbox 202 1569 269 1603; x_wconf 88' lang='lat'>625</span> <span class='ocrx_word' id='word_1_125' title='bbox 296 1569 494 1602; x_wconf 87' lang='lat' dir='ltr'>bacchiacus</span> <span class='ocrx_word' id='word_1_126' title='bbox 518 1572 709 1600; x_wconf 87' lang='lat' dir='ltr'>tetrameter</span> <span class='ocrx_word' id='word_1_127' title='bbox 733 1567 934 1600; x_wconf 82' lang='lat' dir='ltr'>acatalectus</span> 
     </span>
    </p>

    <p class='ocr_par' dir='ltr' id='par_1_17' title="bbox 140 1623 804 1659">
     <span class='ocr_line' id='line_1_26' title="bbox 140 1623 804 1659; baseline -0.005 0"><span class='ocrx_word' id='word_1_128' title='bbox 140 1647 152 1651; x_wconf 89' lang='lat'>-</span> <span class='ocrx_word' id='word_1_129' title='bbox 203 1624 270 1659; x_wconf 88' lang='lat'>626</span> <span class='ocrx_word' id='word_1_130' title='bbox 295 1625 339 1658; x_wconf 85' lang='lat' dir='ltr'>ad</span> <span class='ocrx_word' id='word_1_131' title='bbox 363 1623 431 1659; x_wconf 87' lang='lat'>628</span> <span class='ocrx_word' id='word_1_132' title='bbox 454 1624 614 1657; x_wconf 84' lang='lat' dir='ltr'>trochaici</span> <span class='ocrx_word' id='word_1_133' title='bbox 641 1626 804 1657; x_wconf 88' lang='lat' dir='ltr'>octonarii</span> 
     </span>
    </p>

    <p class='ocr_par' dir='ltr' id='par_1_18' title="bbox 140 1679 821 1723">
     <span class='ocr_line' id='line_1_27' title="bbox 140 1679 821 1723; baseline -0.004 -8"><span class='ocrx_word' id='word_1_134' title='bbox 140 1702 152 1706; x_wconf 94' lang='lat'>-</span> <span class='ocrx_word' id='word_1_135' title='bbox 202 1681 269 1715; x_wconf 86' lang='grc'>629</span> <span class='ocrx_word' id='word_1_136' title='bbox 295 1682 338 1714; x_wconf 86' lang='lat' dir='ltr'>ad</span> <span class='ocrx_word' id='word_1_137' title='bbox 362 1679 430 1715; x_wconf 86' lang='lat'>639</span> <span class='ocrx_word' id='word_1_138' title='bbox 455 1681 616 1713; x_wconf 86' lang='lat' dir='ltr'>trochaici</span> <span class='ocrx_word' id='word_1_139' title='bbox 640 1682 821 1723; x_wconf 84' lang='lat' dir='ltr'>septenarii</span> 
     </span>
    </p>

    <p class='ocr_par' dir='ltr' id='par_1_19' title="bbox 140 1735 805 1770">
     <span class='ocr_line' id='line_1_28' title="bbox 140 1735 805 1770; baseline 0.002 -2"><span class='ocrx_word' id='word_1_140' title='bbox 140 1756 153 1761; x_wconf 88' lang='lat'>-</span> <span class='ocrx_word' id='word_1_141' title='bbox 203 1735 270 1769; x_wconf 77' lang='lat'>640</span> <span class='ocrx_word' id='word_1_142' title='bbox 295 1737 339 1768; x_wconf 83' lang='lat' dir='ltr'>ad</span> <span class='ocrx_word' id='word_1_143' title='bbox 362 1735 430 1770; x_wconf 85' lang='lat'>642</span> <span class='ocrx_word' id='word_1_144' title='bbox 454 1736 616 1769; x_wconf 87' lang='lat' dir='ltr'>trochaici</span> <span class='ocrx_word' id='word_1_145' title='bbox 642 1737 805 1769; x_wconf 86' lang='lat' dir='ltr'>octonarii</span> 
     </span>
    </p>

    <p class='ocr_par' dir='ltr' id='par_1_20' title="bbox 141 1790 1180 1834">
     <span class='ocr_line' id='line_1_29' title="bbox 141 1790 1180 1834; baseline -0.002 -9"><span class='ocrx_word' id='word_1_146' title='bbox 141 1813 153 1817; x_wconf 93' lang='lat'><em>-</em></span> <span class='ocrx_word' id='word_1_147' title='bbox 202 1790 270 1825; x_wconf 78' lang='lat'>643</span> <span class='ocrx_word' id='word_1_148' title='bbox 295 1797 327 1824; x_wconf 89' lang='lat' dir='ltr'>et</span> <span class='ocrx_word' id='word_1_149' title='bbox 351 1791 418 1826; x_wconf 88' lang='lat'>645</span> <span class='ocrx_word' id='word_1_150' title='bbox 443 1792 544 1825; x_wconf 85' lang='lat' dir='ltr'>binae</span> <span class='ocrx_word' id='word_1_151' title='bbox 564 1792 730 1834; x_wconf 87' lang='lat' dir='ltr'>tripodiae</span> <span class='ocrx_word' id='word_1_152' title='bbox 756 1792 944 1825; x_wconf 88' lang='lat' dir='ltr'>trochaicae</span> <span class='ocrx_word' id='word_1_153' title='bbox 971 1792 1180 1824; x_wconf 82' lang='lat' dir='ltr'>catalecticae</span> 
     </span>
    </p>

    <p class='ocr_par' dir='ltr' id='par_1_21' title="bbox 141 1846 871 1880">
     <span class='ocr_line' id='line_1_30' title="bbox 141 1846 871 1880; baseline -0.001 0"><span class='ocrx_word' id='word_1_154' title='bbox 141 1866 153 1871; x_wconf 90' lang='lat'><em>-</em></span> <span class='ocrx_word' id='word_1_155' title='bbox 202 1846 271 1880; x_wconf 87' lang='lat'>644</span> <span class='ocrx_word' id='word_1_156' title='bbox 295 1848 435 1879; x_wconf 88' lang='lat' dir='ltr'>creticus</span> <span class='ocrx_word' id='word_1_157' title='bbox 460 1852 648 1879; x_wconf 83' lang='lat' dir='ltr'>tetrameter</span> <span class='ocrx_word' id='word_1_158' title='bbox 672 1847 871 1879; x_wconf 87' lang='lat' dir='ltr'>acatalectus</span> 
     </span>
    </p>

    <p class='ocr_par' dir='ltr' id='par_1_22' title="bbox 142 1900 847 1936">
     <span class='ocr_line' id='line_1_31' title="bbox 142 1900 847 1936; baseline 0 -2"><span class='ocrx_word' id='word_1_159' title='bbox 142 1921 154 1926; x_wconf 92' lang='lat'><em>-</em></span> <span class='ocrx_word' id='word_1_160' title='bbox 202 1900 269 1935; x_wconf 80' lang='lat'>646</span> <span class='ocrx_word' id='word_1_161' title='bbox 296 1903 457 1936; x_wconf 86' lang='lat' dir='ltr'>iambicus</span> <span class='ocrx_word' id='word_1_162' title='bbox 484 1903 624 1935; x_wconf 86' lang='lat' dir='ltr'>dimeter</span> <span class='ocrx_word' id='word_1_163' title='bbox 647 1903 847 1935; x_wconf 87' lang='lat' dir='ltr'>acatalectus</span> 
     </span>
    </p>

    <p class='ocr_par' dir='ltr' id='par_1_23' title="bbox 142 1956 973 1991">
     <span class='ocr_line' id='line_1_32' title="bbox 142 1956 973 1991; baseline -0.005 0"><span class='ocrx_word' id='word_1_164' title='bbox 142 1977 155 1982; x_wconf 96' lang='lat'>-</span> <span class='ocrx_word' id='word_1_165' title='bbox 205 1956 271 1991; x_wconf 68' lang='lat'>647</span> <span class='ocrx_word' id='word_1_166' title='bbox 298 1958 341 1989; x_wconf 81' lang='lat' dir='ltr'>ad</span> <span class='ocrx_word' id='word_1_167' title='bbox 363 1956 431 1991; x_wconf 81' lang='lat'>649</span> <span class='ocrx_word' id='word_1_168' title='bbox 458 1958 569 1990; x_wconf 89' lang='lat' dir='ltr'>cretici</span> <span class='ocrx_word' id='word_1_169' title='bbox 594 1958 777 1990; x_wconf 84' lang='lat' dir='ltr'>tetrametri</span> <span class='ocrx_word' id='word_1_170' title='bbox 801 1956 973 1990; x_wconf 79' lang='lat' dir='ltr'>acatalecti</span> 
     </span>
    </p>

    <p class='ocr_par' dir='ltr' id='par_1_24' title="bbox 142 2011 1387 2055">
     <span class='ocr_line' id='line_1_33' title="bbox 142 2011 1387 2055; baseline 0 -12"><span class='ocrx_word' id='word_1_171' title='bbox 142 2031 155 2036; x_wconf 86' lang='lat'>-</span> <span class='ocrx_word' id='word_1_172' title='bbox 202 2011 270 2044; x_wconf 90' lang='lat'>650</span> <span class='ocrx_word' id='word_1_173' title='bbox 295 2013 434 2044; x_wconf 87' lang='lat' dir='ltr'>creticus</span> <span class='ocrx_word' id='word_1_174' title='bbox 461 2013 600 2044; x_wconf 87' lang='lat' dir='ltr'>dimeter</span> <span class='ocrx_word' id='word_1_175' title='bbox 626 2012 825 2046; x_wconf 83' lang='lat' dir='ltr'>acatalectus</span> <span class='ocrx_word' id='word_1_176' title='bbox 849 2022 922 2044; x_wconf 89' lang='lat' dir='ltr'>cum</span> <span class='ocrx_word' id='word_1_177' title='bbox 949 2011 1094 2055; x_wconf 78' lang='lat' dir='ltr'>tripodia</span> <span class='ocrx_word' id='word_1_178' title='bbox 1117 2011 1284 2044; x_wconf 85' lang='lat' dir='ltr'>trochaica</span> <span class='ocrx_word' id='word_1_179' title='bbox 1300 2016 1387 2043; x_wconf 83' lang='lat' dir='ltr'>cata-</span> 
     </span>
    </p>
   </div>
   <div class='ocr_carea' id='block_1_7' title="bbox 722 2067 839 2099">
    <p class='ocr_par' dir='ltr' id='par_1_25' title="bbox 722 2067 839 2099">
     <span class='ocr_line' id='line_1_34' title="bbox 722 2067 839 2099; baseline 0.009 -1"><span class='ocrx_word' id='word_1_180' title='bbox 722 2067 839 2099; x_wconf 86' lang='lat' dir='ltr'>lectica</span> 
     </span>
    </p>
   </div>
   <div class='ocr_carea' id='block_1_8' title="bbox 142 2119 976 2322">
    <p class='ocr_par' dir='ltr' id='par_1_26' title="bbox 142 2119 971 2210">
     <span class='ocr_line' id='line_1_35' title="bbox 142 2119 971 2155; baseline 0.001 -2"><span class='ocrx_word' id='word_1_181' title='bbox 142 2139 156 2145; x_wconf 93' lang='lat'><strong>·</strong></span> <span class='ocrx_word' id='word_1_182' title='bbox 206 2120 270 2155; x_wconf 88' lang='lat'>651</span> <span class='ocrx_word' id='word_1_183' title='bbox 298 2121 342 2152; x_wconf 87' lang='lat' dir='ltr'>ad</span> <span class='ocrx_word' id='word_1_184' title='bbox 365 2119 434 2154; x_wconf 83' lang='lat'>654</span> <span class='ocrx_word' id='word_1_185' title='bbox 456 2121 569 2154; x_wconf 89' lang='lat' dir='ltr'>cretici</span> <span class='ocrx_word' id='word_1_186' title='bbox 592 2124 775 2154; x_wconf 87' lang='lat' dir='ltr'>tetrametri</span> <span class='ocrx_word' id='word_1_187' title='bbox 799 2123 971 2155; x_wconf 86' lang='lat' dir='ltr'>acatalecti</span> 
     </span>
     <span class='ocr_line' id='line_1_36' title="bbox 143 2175 848 2210; baseline 0.004 -2"><span class='ocrx_word' id='word_1_188' title='bbox 143 2195 157 2200; x_wconf 96' lang='lat'>-</span> <span class='ocrx_word' id='word_1_189' title='bbox 205 2175 272 2209; x_wconf 86' lang='lat'>655</span> <span class='ocrx_word' id='word_1_190' title='bbox 299 2176 461 2207; x_wconf 85' lang='lat' dir='ltr'>iambicus</span> <span class='ocrx_word' id='word_1_191' title='bbox 485 2176 624 2208; x_wconf 84' lang='lat' dir='ltr'>dimeter</span> <span class='ocrx_word' id='word_1_192' title='bbox 649 2178 848 2210; x_wconf 84' lang='lat' dir='ltr'>acatalectus</span> 
     </span>
    </p>

    <p class='ocr_par' dir='ltr' id='par_1_27' title="bbox 142 2229 976 2322">
     <span class='ocr_line' id='line_1_37' title="bbox 142 2229 976 2266; baseline 0.001 -1"><span class='ocrx_word' id='word_1_193' title='bbox 142 2251 156 2257; x_wconf 95' lang='lat'><em>-</em></span> <span class='ocrx_word' id='word_1_194' title='bbox 205 2231 273 2265; x_wconf 90' lang='lat'>656</span> <span class='ocrx_word' id='word_1_195' title='bbox 299 2236 329 2264; x_wconf 86' lang='lat' dir='ltr'>et</span> <span class='ocrx_word' id='word_1_196' title='bbox 353 2229 422 2265; x_wconf 80' lang='lat'>657</span> <span class='ocrx_word' id='word_1_197' title='bbox 447 2231 608 2264; x_wconf 87' lang='lat' dir='ltr'>trochaici</span> <span class='ocrx_word' id='word_1_198' title='bbox 634 2233 767 2266; x_wconf 85' lang='lat' dir='ltr'>dimetri</span> <span class='ocrx_word' id='word_1_199' title='bbox 793 2234 976 2266; x_wconf 83' lang='lat' dir='ltr'>catalectici</span> 
     </span>
     <span class='ocr_line' id='line_1_38' title="bbox 142 2285 875 2322; baseline 0 -2"><span class='ocrx_word' id='word_1_200' title='bbox 142 2305 157 2311; x_wconf 95' lang='lat'>-</span> <span class='ocrx_word' id='word_1_201' title='bbox 204 2285 272 2320; x_wconf 87' lang='lat'>658</span> <span class='ocrx_word' id='word_1_202' title='bbox 298 2292 438 2319; x_wconf 80' lang='lat' dir='ltr'>creticus</span> <span class='ocrx_word' id='word_1_203' title='bbox 462 2292 652 2320; x_wconf 89' lang='lat' dir='ltr'>tetrameter</span> <span class='ocrx_word' id='word_1_204' title='bbox 677 2289 875 2322; x_wconf 71' lang='lat' dir='ltr'>acatalectvts</span> 
     </span>
    </p>
   </div>
  </div>
 </body>
</html>
