1511 2502
76 150 180 182 xvm
507 150 714 183 EPISTVLA
743 151 909 184 CRITICA

77 261 279 291 quamquam
311 252 428 284 eadem
467 252 535 283 Fere
563 258 704 293 utroque
731 263 828 284 versu
855 254 1056 295 exprimitur
1080 253 1260 289 sententia,
1297 258 1344 284 ta-

77 307 152 328 men
185 297 220 328 id
253 307 318 328 non
346 299 428 329 satis
455 307 575 329 causae
601 308 676 329 esse
702 299 844 330 arbitror
867 305 903 330 ut
928 299 1068 330 alterum
1095 308 1137 331 ex
1165 297 1344 339 interpola-

75 344 165 374 tione
201 343 376 384 irrepsisse
401 349 586 374 statuamus
611 344 807 385 praesertim
831 344 865 374 in
890 344 953 376 hac
978 343 1110 375 fabulae
1141 347 1235 385 parte
1260 353 1344 382 quae

76 398 141 418 una
168 393 216 419 est
244 398 286 419 ex
312 389 385 420 istis
411 389 520 420 scenis
548 389 587 420 tle
614 389 734 428 quibus
759 397 807 419 'rv
830 388 1001 431 Parergon
1028 388 1121 420 vol.I
1145 385 1257 430 p.237
1272 389 1343 419 bre-

76 435 160 464 viter
185 434 302 474 egisti,
329 443 413 474 quae
439 440 496 465 aut
522 433 653 476 prologi
681 435 750 465 viee
770 434 953 475 funguntur
966 434 1020 475 (ut
1032 433 1138 466 Mil.11
1154 434 1169 465 l
1190 432 1343 470 Cist.13)

75 484 131 509 aut
157 484 191 508 ut
216 478 299 509 haec
323 481 372 520 (v.
389 477 456 511 463
482 480 525 511 ad
548 477 634 519 498)
662 489 700 511 ea
724 489 808 519 quae
833 479 973 522 prologo
1001 485 1151 511 enarrata
1170 484 1245 510 sunt
1263 488 1343 520 sup-

74 523 175 564 plent.
198 525 230 554 in
256 524 307 555 his
334 530 444 556 autem
471 526 579 556 scenis
606 530 640 555 nt
666 525 697 555 in
725 525 808 565 ipsis
834 525 983 566 prologis
1002 530 1101 566 poeta
1119 526 1191 556 sive
1210 523 1343 555 Plautus

75 569 135 599 fuit
170 569 241 599 sive
269 569 354 600 alius
379 572 453 610 quis
479 570 648 601 Plautinae
674 570 809 610 quidem
836 571 916 600 artis
941 570 1183 601 scientissimus
1210 569 1344 611 prolixa

74 614 219 654 quadam
250 617 410 647 orationis
443 616 643 647 verbositate
675 615 776 646 utitur
809 625 893 654 quae
923 615 985 646 1100
1009 616 1144 655 quidem
1169 615 1297 645 ambitu
1324 624 1343 645 a

74 659 196 691 relicuo
222 669 375 692 sermone
400 661 549 692 Plautino
577 660 686 692 aliena
713 664 772 691 est.
803 661 864 692 sed
888 659 969 691 illud
993 669 1064 692 'rint
1088 661 1222 700 quidem
1247 659 1342 691 facile

73 704 198 746 largior
224 706 302 736 vitia
326 706 508 737 tralaticiae
535 706 652 737 horum
681 715 835 736 versuum
856 706 1040 747 scripturae
1058 705 1237 737 manifesta
1254 714 1341 736 esse.

72 760 110 780 ac
143 760 275 781 versum
309 752 443 791 quidem
476 749 544 782 490
579 752 635 791 qui
669 751 702 781 iu
736 750 829 781 libris
854 751 1015 782 Plautinis
1047 752 1095 782 sic
1122 752 1266 792 scriptus
1294 756 1344 782 est

75 795 117 826 Ec
142 796 347 828 clanclestz'na
373 802 408 829 ut
433 798 557 828 celetur
581 797 724 836 suspicio
750 802 940 837 corruptum
967 806 1040 828 esse
1067 797 1174 838 ipsius
1200 796 1342 836 antiqui-

71 842 148 871 tatis
175 843 363 873 testiinonio
379 843 554 874 docemur:
581 852 599 873 a
623 842 751 873 Donato
780 843 867 872 enim
890 842 923 872 in
942 841 1015 874 Ter.
1032 842 1243 883 Adelph.llll
1260 841 1280 873 5
1297 840 1341 873 32

72 887 120 917 sic
145 887 287 927 scriptus
314 889 346 918 in
373 889 518 919 editione
543 888 694 928 principe
720 886 870 918 adfertur
908 889 954 918 Vt
977 888 1178 919 clandestine
1204 892 1235 918 et
1258 888 1342 918 eele-

70 936 124 961 [ιιι-
158 933 372 967 consuetudo
414 934 501 964 unde
536 933 601 963 iam
631 931 815 963 Scropmvs
841 933 1010 963 arcessitis
1035 932 1087 963 his
1113 933 1224 964 verbis
1250 932 1343 963 Pauli

72 978 268 1008 breviatoris
297 978 383 1008 Festi
415 988 446 1019 p.
463 976 500 1009 61
534 971 880 1008 ‘consuetionem
914 977 1048 1008 Plautus
1075 987 1136 1018 pro
1166 983 1342 1009 consuetu-

71 1022 124 1052 din
131 1033 147 1052 e
180 1016 275 1053 dixit'
301 1034 375 1053 euin
403 1024 447 1054 ita
475 1023 617 1054 restituit
641 1028 675 1053 ut
702 1022 734 1053 in
761 1021 822 1053 hac
848 1023 994 1054 editione
1021 1023 1117 1055 dedi:
1152 1023 1213 1055 sed
1238 1023 1342 1054 artius

71 1068 169 1098 etiam
205 1069 377 1109 ptemendi
410 1074 502 1099 erant
535 1068 653 1098 ductus
679 1067 848 1098 literarum
874 1068 906 1099 in
932 1067 1052 1100 Donati
1079 1068 1223 1100 editione
1250 1069 1341 1109 prin-

71 1114 143 1153 cipe
166 1115 369 1150 extantium,
404 1114 492 1145 unde
518 1112 604 1144 1111110
630 1122 762 1144 versum
788 1123 853 1144 non
880 1113 994 1145 dubito
1024 1113 1074 1144 sic
1099 1114 1265 1155 corrlgere
1297 1115 1341 1145 Vc

69 1158 273 1190 clandestina
309 1159 391 1190 haec
422 1158 481 1199 (an
508 1168 548 1189 ea
560 1157 593 1199 ?)
627 1159 750 1189 celetur
781 1160 956 1190 eonsuetio.
998 1164 1066 1190 tum
1100 1169 1177 1190 vero
1213 1169 1242 1190 v.
1258 1157 1339 1195 490,

70 1204 159 1242 quod
183 1213 229 1234 'rv
256 1214 388 1244 quoque
413 1204 641 1246 proposuisti,
669 1209 699 1235 et
724 1212 793 1234 'rvo
820 1214 921 1235 suasu
947 1204 1047 1244 paulo
1075 1205 1268 1236 immutatus
1293 1204 1338 1236 illi

69 1250 322 1289 postponendus
349 1255 408 1281 est.
439 1260 477 1281 en
504 1249 606 1290 igitur
631 1258 747 1280 versus
768 1247 836 1282 487
863 1249 906 1280 ad
930 1248 998 1281 490
1023 1255 1057 1281 ut
1084 1260 1171 1282 nunc
1196 1250 1337 1291 scriptos

70 1294 169 1325 velim

126 1340 248 1378 Pater
279 1341 437 1379 curabit
467 1340 666 1392 [Itippiter
696 1342 872 1378 summus
904 1341 1032 1391 meus]

125 1395 215 1434 Vno
249 1398 292 1434 tit
321 1395 463 1434 labore
495 1395 679 1447 apsoluat
710 1398 920 1435 aerumnas
951 1395 1063 1446 duas,

127 1451 179 1489 Vt
207 1450 460 1490 clandestina
488 1451 590 1489 haec
620 1450 778 1490 celetur
810 1452 1034 1500 consuetiQ

123 1505 183 1544 Ne
216 1506 317 1558 [illa]
346 1509 387 1545 1‘11
416 1507 641 1558 suspitione
671 1508 847 1558 ponatur
878 1507 1020 1558 stupri.

72 1562 107 1594 V.
125 1559 191 1594 507
218 1573 259 1593 ex
286 1563 469 1594 coniunctis
491 1562 691 1593 testimoniis
712 1562 870 1594 librorum
892 1561 1119 1593 plautinorum
1139 1563 1194 1602 qui
1217 1562 1338 1593 habent

67 1606 284 1639 obseruatoce
315 1619 410 1650 quam
441 1607 561 1639 blande
590 1609 718 1639 mulieri
751 1607 946 1648 palpabitur
980 1612 1012 1639 et
1042 1607 1163 1639 Donati
1195 1608 1227 1638 in
1262 1607 1333 1638 Ter.

66 1652 209 1705 Adelph.
228 1653 312 1694 prol.
329 1654 349 1685 2
376 1652 539 1685 Obseruac
563 1663 666 1685 orare
692 1658 727 1685 ut
748 1654 867 1686 blande
889 1655 1047 1693 palpetur
1071 1654 1200 1685 mulieri
1216 1658 1246 1684 et
1261 1652 1335 1684 Ser-

69 1699 111 1728 vii
138 1699 170 1729 in
192 1699 273 1729 Aen.
292 1699 336 1730 XI
357 1696 423 1731 725
448 1698 630 1730 obseruate
650 1710 745 1741 quam
765 1699 885 1730 blande
905 1700 1127 1739 suppalpatur
1145 1699 1272 1730 mulieri
1289 1699 1338 1729 sic

69 1748 352 1780 ιεωηςὶωιειηάυε
376 1754 425 1780 est
454 1734 728 1795 Opseruatote
751 1758 841 1784 eum
864 1757 982 1795 quam
1003 1744 1151 1782 blande
1173 1742 1337 1796 siippal-

68 1803 185 1848 patur
214 1797 388 1837 mt'llieri.
419 1820 476 1829 ——·
508 1805 547 1835 V.
576 1802 645 1836 514
677 1806 859 1836 secundum
893 1815 932 1836 ea
964 1815 1049 1844 quae
1081 1814 1129 1836 'rv
1161 1814 1268 1846 nuper
1293 1803 1336 1835 a'd

67 1852 168 1884 Stich.
179 1852 246 1886 516
261 1854 301 1885 de
313 1855 472 1895 prosodia
482 1860 512 1885 et
526 1856 688 1896 scriptura
698 1855 772 1887 heri
780 1855 929 1887 adverbii
940 1855 1083 1886 docuisti
1093 1855 1192 1886 verba
1203 1855 1252 1885 sic
1261 1864 1335 1886 esse

67 1904 316 1944 transponenda
354 1905 507 1936 videntur
542 1899 682 1938 Me'dia
716 1904 837 1938 nocte
874 1901 964 1939 heri
1004 1901 1181 1949 uenisti,
1228 1899 1334 1937 nunc

66 1952 162 1991 abis.
186 1975 244 1982 ·—-
273 1958 313 1989 V.
329 1957 396 1990 520
421 1969 486 1990 non
503 1961 700 2000 persuasisti
714 1959 794 1991 mihi
809 1966 1030 1992 correcturam
1043 1969 1140 1991 ’ΝΛΜ
1155 1960 1187 1990 111
1200 1959 1331 2001 Proleg.

65 2008 152 2039 Trin.
177 2018 209 2049 p.
227 2017 346 2040 chxu
372 2010 580 2051 propositam
606 2010 667 2041 sed
688 2010 830 2051 praetuli
854 2011 943 2050 quod
965 2010 1189 2042 CAMssRAmvs
1213 2019 1333 2052 posue-

66 2058 133 2084 rat:
161 2063 260 2095 aegre
287 2055 374 2085 enim
397 2056 455 2094 pol
480 2055 674 2095 particulam
701 2055 920 2087 desiderarint
942 2066 1041 2096 qnam
1060 2066 1127 2088 non
1150 2056 1258 2088 solum
1275 2056 1333 2087 de-

65 2105 202 2140 pravata
234 2100 397 2141 scriptura
421 2100 463 2131 V.
486 2100 519 2133 G.
547 2100 615 2140 Quo
648 2102 720 2142 leyo
742 2101 803 2132 sed
828 2102 926 2132 etiam
953 2102 1158 2133 consuetudo
1185 2101 1334 2132 Plautina

65 2143 128 2183 (cf.
165 2145 262 2176 modo
297 2145 419 2187 Amph.
447 2143 533 2177 1030
560 2144 648 2177 1043
682 2145 748 2176 Mil.
763 2143 850 2178 371:
877 2146 955 2178 hinc
980 2148 1080 2178 etiam
1106 2147 1191 2178 Men.
1208 2147 1238 2177 V
1263 2146 1282 2176 Γ)
1310 2146 1331 2176 5

67 2189 114 2220 sic
145 2190 422 2232 redintegrandus
456 2190 587 2222 videtur
610 2190 708 2243 Quem
735 2189 816 2232 [pol]
843 2201 902 2233 ego
925 2192 1095 2224 hominem.
1109 2192 1136 2229 .)
1165 2201 1326 2223 commen-

66 2234 139 2266 dat:
177 2240 288 2267 tamen
321 2246 407 2268 nunc
439 2236 537 2267 etiam
570 2237 709 2278 propius
743 2237 860 2277 optimi
893 2237 967 2269 libri
1000 2239 1181 2269 memoriae
1218 2236 1332 2267 malim

68 2280 171 2329 Quoi
192 2277 327 2333 [pol]
317 2294 391 2333 ego
414 2282 521 2320 hoc'
510 2295 589 2320 1am
609 2282 836 2334 scipione..
860 2287 949 2329 (scil.
960 2288 1232 2329 maqnummalum
1246 2285 1332 2318 dabo
