1511 2502
167 104 222 144 40
647 103 675 141 P
703 103 730 142 L
759 103 790 141 A
819 103 852 142 V
880 103 909 142 T
939 103 957 142 l
1141 117 1213 150 112
1237 115 1435 151 175—192

170 215 250 253 AL.
285 215 347 253 Te
365 213 587 253 dormitare
605 213 737 254 aibas:
763 228 902 255 mensa
919 216 1113 256 ablatast:
1143 219 1322 257 cubitum
1337 219 1434 257 hinc

771 283 951 321 abiimus.

169 347 263 384 AM.
310 337 389 385 Vbi
408 352 450 385 tu
467 346 672 385 cubuisti?
730 347 813 387 AL.
851 338 897 387 in
914 348 1059 388 eodem
1076 354 1211 388 tecum
1228 350 1306 387 una
1320 348 1432 389 lecto

771 415 814 452 in
832 414 1032 453 cubiculo.

127 490 133 499 ’
167 480 263 518 AM.
303 480 542 519 Pc'rdidisti.
618 480 696 518 SO.
737 480 844 529 Quid
872 481 1017 519 tibist?
1090 481 1184 519 AM.
1225 481 1337 519 Haec
1368 482 1433 519 me

771 545 890 583 modo
909 544 959 583 ad
975 546 1147 583 mortem
1164 545 1290 584 dedit.

168 610 249 648 AL.
283 610 390 659 Quid
406 611 498 661 iam,
515 610 685 649 amabo?
728 611 823 648 AM.
850 611 911 648 Ne
926 622 989 648 me
1006 609 1179 661 appella.
1226 610 1302 648 So.
1325 609 1432 658 Quid

770 675 915 712 tibist?
960 676 1056 714 AM.
1081 676 1195 713 Perii
1211 675 1348 724 miser,
1364 680 1433 714 810

166 741 270 789 Quia
284 739 507 791 pudicitiae
524 740 642 778 huius
659 741 802 778 uitium
819 753 882 778 me
899 741 994 778 hinc
1010 744 1221 792 apsentest
1236 739 1429 778 additum.

168 805 251 843 AL.
301 795 483 856 Opsecro
518 807 700 856 ecastdr,
746 818 848 856 quor
881 806 1005 854 istuc,
1059 808 1113 843 mi
1140 805 1226 854 uir,
1271 816 1320 841 ex
1361 803 1433 841 ted

768 868 918 907 audio?

169 935 262 974 AM.
304 935 379 974 Vir
411 947 485 985 ego
502 939 593 972 tuus
623 935 728 972 sim?
770 935 823 971 ne
853 945 917 970 me
947 931 1132 984 appella,
1173 932 1296 983 falsa,
1327 931 1433 971 falso

767 1000 940 1038 ndmine.

168 1066 245 1105 SO.
292 1067 449 1105 Hae'ret
464 1067 565 1104 haec
583 1078 674 1115 res,
706 1068 741 1103 si
773 1064 937 1115 quidem
967 1065 1069 1102 haec
1093 1065 1172 1102 iam
1196 1063 1345 1103 mi'ilier
1372 1064 1431 1102 fa-

772 1135 876 1169 ctast
895 1131 942 1168 (ix
960 1131 1064 1168 uiro.

167 1197 249 1236 AL.
291 1196 399 1246 Quid
429 1208 503 1247 ego
534 1196 641 1246 feci,
675 1198 751 1246 qua
774 1196 902 1233 istaec
927 1199 1099 1246 propter
1117 1194 1225 1233 dicta
1242 1194 1431 1233 dicantur

768 1260 896 1297 mihi?
1360 1265 1430 1299 815

164 1327 260 1366 AM.
301 1327 411 1365 Tute
442 1326 596 1365 edictas
626 1327 733 1364 sacta
763 1330 851 1364 tua:
882 1338 931 1363 ex
947 1337 1011 1363 me
1029 1325 1211 1376 quaeris,
1245 1324 1343 1376 quid
1358 1324 1430 1363 de-

764 1389 964 1441 liqueris?

164 1458 247 1496 AL.
295 1456 403 1506 Quid
428 1468 504 1506 ego
528 1457 603 1495 tibi
621 1455 801 1507 deliqui,
831 1456 864 1493 si
897 1456 992 1506 quoi
1022 1456 1147 1506 nupta
1177 1468 1262 1493 sum
1291 1456 1428 1493 tecam

765 1520 854 1558 fui?

163 1588 259 1626 AM.
303 1587 397 1625 Τιἰῐι
426 1599 583 1625 mecum
614 1586 773 1625 fueris?
812 1585 909 1637 quid
939 1583 1033 1623 illac
1064 1582 1278 1636 inpudenti
1307 1583 1428 1622 auda-

766 1651 901 1691 ciust?

163 1714 339 1765 Saltem,
366 1716 497 1767 tuipte
516 1718 550 1753 si
565 1714 735 1766 pudoris
753 1715 894 1765 egeas,
921 1727 1052 1752 sumas
1068 1715 1259 1753 mutuom.

163 1781 246 1819 AL.
285 1770 393 1819 I'stuc
419 1781 600 1831 facinus,
640 1780 748 1832 qudd
778 1784 822 1818 tu
842 1778 1075 1830 insimulas,
1111 1782 1251 1819 mistro
1283 1781 1426 1830 generi

764 1847 845 1884 min
862 1845 994 1884 decet.
1356 1850 1427 1884 820

162 1910 228 1949 Τιἰ
245 1911 279 1949 si
296 1923 360 1948 me
376 1910 632 1962 inpudicitiai
648 1914 783 1963 captas
795 1940 806 1961 ‚
832 1923 980 1962 capere
996 1912 1077 1949 ndn
1090 1915 1220 1961 potes.

159 1976 257 2014 AM.
290 1977 340 2014 Di
358 1975 613 2014 inmortales:
631 1978 894 2026 cdgnoscisne
910 1977 955 2014 tsi
970 1987 1034 2013 me
1051 1974 1207 2025 saltem,
1225 1974 1368 2014 Sdsia?

161 2040 239 2079 So.
283 2040 595 2091 Prdpemodum.
655 2041 750 2079 AM.
785 2040 993 2079 Cenauine
1011 2052 1085 2090 ego
1109 2039 1201 2077 heri
1217 2039 1259 2077 in
1274 2039 1367 2078 naui
1381 2041 1424 2078 in

763 2108 885 2156 portu
902 2104 1098 2142 Pe'rsico‘?

162 2168 242 2207 AL.
274 2168 379 2208 Mihi
401 2180 562 2220 quoque
579 2168 726 2207 adsunt
750 2170 900 2218 testes,
928 2169 996 2219 qui
1021 2167 1110 2206 illut
1135 2167 1241 2219 qudd
1269 2179 1342 2218 ego
1362 2165 1422 2205 di-

762 2247 848 2272 cam
865 2232 1104 2271 adsc'ntiant.
