1511 2502
57 93 292 134 V217-33
429 83 959 126 PSEVDVLVS.
1247 84 1328 124 225

57 200 131 241 PS.
164 200 301 240 Onera
324 200 402 238 hoc
422 199 634 236 humerum
651 200 773 247 atque
789 208 855 234 me
874 198 1130 247 consequere
1146 196 1234 234 hac.
1268 195 1327 236 SI.

341 264 484 315 Egone
501 265 580 301 isto
596 273 659 300 me
676 261 872 300 onerem?
902 261 977 300 PS.
997 262 1105 311 Scio,
1123 262 1326 302 onerabis,

60 332 115 372 Sl.
148 329 255 381 Quid
280 341 354 381 ego
379 330 474 367 huffe
489 328 643 367 homiui
660 327 835 365 faciam?
865 327 972 364 satin
988 325 1099 364 ultro
1117 328 1328 377 argentum

661 392 796 430 aufert
812 396 855 430 et
870 404 935 430 me
952 391 1134 430 inridet?

339 461 415 502 PS.
447 460 532 500 Vae
550 460 689 498 uictis:
720 464 838 497 uorte
856 460 954 510 ergo
970 463 1144 509 tergum.

170 526 228 568 SI.
259 525 590 577 11eu11e1'1,[iam]
611 523 775 563 desine:
808 523 941 563 doleo.
987 524 1063 565 PS.
1094 524 1146 563 Ni
1164 522 1328 562 doleres

660 595 719 639 tu,
738 602 813 641 ego
832 589 1036 628 dolerem:
1284 594 1287 596 “

116 657 256 710 Neque
280 659 321 697 te
342 659 423 697 mei
439 659 545 708 tergi
562 658 803 705 misereret,
835 656 869 694 si
886 656 963 694 hoc
980 656 1061 694 no‘n
1075 653 1200 692 hodie
1218 655 1329 692 ecfe-

659 724 815 760 offssem.

56 787 114 828 SI.
144 788 237 827 Erit
265 788 332 827 fibi
355 791 398 827 te
423 787 620 838 ulciscar,
650 790 686 825 si
708 788 815 827 uiuo.
866 785 941 825 PS.
972 784 1079 834 Quid
1109 785 1329 824 minitare?

659 852 791 889 habeo
811 849 953 902 [domi]
971 855 1144 900 tergum.
1241 854 1328 888 1325

112 918 170 957 SI.
202 918 290 969 Age
319 920 429 956 sane.
481 917 558 957 PS.
589 917 717 968 Igitur
745 915 848 955 redi.
908 916 966 955 SI.
1000 914 1108 965 Qufd
1130 914 1326 953 redeam?

536 982 612 1022 PS.
635 982 739 1021 Redi
756 981 896 1020 modo:
918 993 1000 1020 non
1016 981 1099 1019 eris
1116 979 1324 1031 deceptus?

57 1049 114 1088 Sl.
144 1048 300 1089 Redeo.
356 1049 431 1089 PS.
465 1049 630 1088 Mecum
662 1049 675 1085 i
705 1050 901 1099 pomum.
949 1046 1005 1085 SI.
1036 1046 1179 1097 Egone
1211 1046 1328 1084 eam?

486 1113 562 1152 PS.
579 1114 688 1152 Face
706 1112 813 1164 quod
829 1113 973 1151 iubeo:
1004 1112 1102 1160 siis,
1120 1110 1326 1149 dimidium

111 1179 193 1217 Aut
224 1178 317 1232 plus
345 1180 467 1218 etiam
494 1179 585 1217 faxo
617 1179 729 1217 feres
760 1178 866 1216 hinc.
936 1178 992 1216 SI.
1024 1177 1111 1216 Eo:
1150 1176 1228 1214 duic
1263 1189 1326 1214 me

660 1257 737 1295 quo
760 1244 834 1283 uis.
880 1243 956 1283 PS.
986 1242 1094 1292 Qm‘d
1108 1242 1244 1280 nunc?

223 1309 428 1362 Numquid
443 1311 570 1349 iratus
587 1323 630 1349 es
647 1312 716 1349 aut
732 1311 832 1348 mihi
849 1313 916 1348 aut
932 1309 1022 1348 filio

223 1375 402 1428 Propter
427 1376 498 1413 has
525 1377 613 1426 res,
644 1375 784 1414 Simo?
830 1375 887 1413 SI.
918 1374 986 1413 Nss
1002 1375 1204 1428 profecto,
1250 1373 1325 1414 PS.

657 1430 675 1480 Ῐ
692 1440 844 1492 [modo]
864 1441 951 1480 hac.
1239 1444 1327 1478 1330

227 1505 284 1545 SI.
315 1506 377 1544 Te
396 1518 558 1556 sequor.
591 1508 686 1556 quin
705 1519 824 1544 uocas
842 1505 1095 1557 spectatores
1111 1502 1271 1542 semul?

223 1571 298 1611 PS.
329 1570 485 1610 He'rcle
509 1584 574 1609 me
598 1572 668 1609 isti
691 1572 769 1610 hau
795 1570 952 1610 solent:
982 1572 1117 1621 neque
1135 1582 1209 1621 ego
1228 1582 1325 1621 ergo

660 1638 761 1675 istos
778 1649 893 1676 uoco.

222 1701 376 1741 Vc'rum
397 1703 431 1739 si
448 1702 570 1740 uoltis
588 1701 838 1752 adplaudere
856 1706 978 1751 atque
994 1700 1222 1752 adprobare

226 1765 344 1804 Hunc
360 1778 526 1817 gregem
544 1771 585 1804 et
605 1765 803 1816 fabulam,
828 1767 870 1804 in
888 1767 1108 1804 crastinum
1124 1766 1195 1802 uos
1211 1776 1329 1803 uoco.

114 2301 300 2337 Vnum-s
331 2300 377 2337 11.
1010 2307 1051 2339 15
