1511 2502
1213 102 1268 143 59

210 644 367 687 METRA
399 643 535 686 flvlvs
566 643 770 687 FABVLAE
800 643 916 686 HAEC
947 642 1058 686 SVNT

4 757 43 790 V.
81 757 101 790 1
126 757 170 788 ad
195 756 261 790 152
284 758 417 789 iambici
442 757 564 789 senarii

23 832 38 838 -
84 810 151 846 153
175 813 218 845 ad
243 811 310 846 158
335 813 468 845 iambici
493 813 652 845 octonarii

27 887 41 893 -
89 866 155 901 159
180 870 411 910 anapaesticus
437 869 576 901 dimeter
603 868 802 900 acatalectus

26 941 40 948 —
89 923 156 957 160
182 926 415 966 anapaesticus
441 930 646 956 monometer
670 924 870 956 acatalectus

26 998 42 1005 -
89 978 155 1012 161
183 986 213 1010 et
238 978 304 1013 162
331 981 535 1022 anapaestici
561 980 690 1011 dimetri
715 980 885 1012 acatajecti

23 1054 38 1060 ·
86 1033 152 1068 163
177 1036 220 1067 ad
246 1034 312 1069 176
336 1036 503 1068 bacchiaci
528 1036 710 1067 tetrametri
736 1036 905 1068 acatalecti
931 1035 1017 1079 (167
1044 1037 1224 1079 insiticius)

25 1109 39 1115 -
87 1088 153 1123 177
178 1090 375 1123 bacchiacus
401 1092 540 1123 dimeter
564 1091 764 1123 acatalectus

27 1164 42 1171 -
90 1143 156 1178 178
180 1145 378 1177 bacchiacus
401 1151 591 1178 tetrameter
614 1154 813 1178 acataiectus

27 1221 41 1226 -
88 1199 153 1235 179
177 1202 376 1234 bacchiacns
401 1203 549 1234 trimeter
574 1202 774 1235 acatalectus

27 1275 41 1282 -
88 1256 154 1291 180
179 1258 221 1289 ad
245 1256 314 1290 218
338 1258 470 1290 iambici
493 1258 653 1290 octonarii

27 1331 41 1337 -
87 1310 155 1345 219
183 1312 225 1343 ad
249 1311 317 1345 236
342 1313 452 1344 cretici
473 1314 655 1344 tetrametri
680 1313 851 1346 acatalecti

25 1385 40 1392 -
84 1365 152 1400 237
177 1372 212 1398 ut
235 1367 366 1398 videtur
390 1373 562 1410 corruptus

27 1441 41 1447 -
88 1420 157 1454 238
182 1422 225 1453 ad
248 1421 315 1455 246
338 1423 449 1454 cretici
473 1425 653 1455 tetrametri
675 1425 848 1457 acatalecti

27 1496 40 1502 -
87 1474 154 1510 247
180 1483 216 1508 ut
240 1477 369 1508 videtur
393 1484 566 1520 corruptus

24 1550 39 1557 -·
85 1530 152 1564 248
179 1532 222 1563 ad
242 1531 310 1565 262
333 1533 465 1564 iambici
491 1535 650 1565 octonarii

25 1606 40 1612 -
85 1585 153 1620 263
179 1587 222 1618 ad
245 1587 314 1621 462
338 1588 493 1620 trochaici
518 1591 697 1631 septenarii

28 1661 42 1666 -
87 1640 155 1675 463
181 1642 223 1673 ad
247 1640 316 1675 498
338 1644 470 1674 iambici
495 1645 617 1676 senarii

29 1716 43 1722 -
87 1696 155 1730 499
180 1698 222 1729 ad
245 1698 314 1731 550
335 1699 492 1731 trochaici
518 1701 697 1742 septenarii

27 1771 41 1777 —
87 1753 153 1786 551
179 1754 222 1785 ad
248 1752 315 1787 582
341 1755 508 1787 bacchiaci
532 1757 714 1788 tetrametri
735 1756 909 1790 acatalecti

30 1827 43 1833 -
89 1808 156 1842 583
180 1810 223 1841 ad
248 1809 316 1844 632
341 1811 499 1843 trochaici
524 1813 705 1853 septenarii

29 1882 42 1888 -
88 1863 155 1898 633
179 1866 222 1897 ad
248 1864 314 1899 641
340 1866 509 1898 bacchiaci
532 1866 717 1899 hexametri
742 1869 914 1902 acatalecti

29 1938 42 1944 -
88 1919 155 1953 642
179 1921 222 1952 ad
246 1920 314 1954 652
335 1922 504 1954 bacchiaci
527 1925 706 1955 tetrametri
730 1924 902 1957 acatalecti

28 1993 43 1999 -
87 1973 153 2007 653
175 1975 373 2008 bacchiacus
397 1978 537 2010 dimeter
560 1979 760 2011 acatalectus

27 2047 42 2055 —
87 2030 155 2064 654
179 2032 222 2063 ad
247 2031 317 2066 860
340 2033 498 2066 trochaici
522 2037 702 2076 septenarii

27 2105 40 2111 -
84 2085 151 2120 861
177 2088 221 2119 ad
243 2087 310 2121 955
334 2089 468 2121 iambici
492 2091 614 2122 senarii

29 2159 42 2165 -
88 2140 155 2175 956
179 2143 223 2174 ad
247 2141 314 2177 973
338 2144 497 2177 trochaici
520 2148 699 2188 septenarii

29 2214 38 2220 -
88 2195 156 2231 974
180 2199 224 2230 ad
247 2198 314 2233 983
337 2201 470 2233 iambici
493 2203 616 2233 senarii

28 2269 43 2277 ··
88 2251 156 2287 984
180 2255 223 2287 ad
247 2256 336 2288 1005
360 2257 492 2289 iambici
519 2258 679 2290 octonarii
