1511 2502
95 115 318 150 1123-44
509 103 958 146 ASINARIA.
1349 104 1376 146 7

262 219 345 259 DE.
385 218 513 259 Modo
544 217 616 271 pdl
644 218 827 270 percepi,
858 217 1027 267 Libane,
1061 216 1159 268 quid
1188 218 1294 255 istuc
1318 219 1372 255 sit

701 283 804 322 loci:

263 350 344 390 Vbi
359 349 408 388 fit
421 347 603 401 polenta,
618 350 662 387 te
677 348 855 387 fortasse
871 346 1022 386 dicere.
1067 347 1130 386 LI.
1159 348 1239 398 Ah,

262 414 406 465 Neque
421 413 564 452 he'rcle
581 426 656 465 ego
674 415 780 452 istuc
797 413 888 452 dico
909 426 986 452 nec
1004 413 1156 452 dictum
1174 412 1270 452 uolo

264 479 408 531 Teque
435 481 606 532 opsecro
631 478 775 518 hercle
800 484 845 518 ut
870 480 973 531 quae
991 478 1164 518 locutu's
1182 478 1368 531 despuas.

264 546 347 586 DE.
379 546 490 584 Fiat:
523 549 689 596 geratur
705 547 790 584 mos
807 545 895 583 tibi.
936 544 999 583 LI.
1028 545 1118 595 Age
1136 557 1223 595 age,
1241 557 1370 596 usque

703 614 858 652 excrea.
1325 619 1362 651 41

261 679 344 719 DE.
375 679 592 718 Etiamne?
643 679 706 717 LI.
738 679 826 729 Age
843 690 993 729 quaeso
1010 677 1153 717 hercle
1175 679 1303 729 usque
1321 689 1371 715 ex

697 744 848 795 penitis
864 743 1070 781 faucibus:

260 811 394 850 Etiam
421 810 604 863 amplius.
650 810 733 850 DE.
766 811 867 849 Nam
893 822 971 861 quo
991 809 1152 861 lisque?
1194 809 1258 849 LI.
1289 809 1370 849 Vs-

700 888 778 927 que
795 875 846 913 ad
861 876 1035 914 mortem
1050 874 1157 914 uolo.

260 942 343 982 DE.
377 943 486 981 Caue
511 945 565 980 sis
582 940 726 980 malam
744 953 843 979 rem.
890 940 953 982 LI.
988 940 1137 979 onris
1155 939 1260 990 dico,
1287 942 1368 978 non

697 1012 817 1044 tuam.

260 1073 341 1112 DE.
372 1073 487 1111 Dono
511 1078 552 1111 te
577 1073 627 1111 ob
653 1073 756 1111 istuc
778 1071 929 1110 dictum
944 1076 988 1110 ut
1006 1084 1152 1124 expers
1173 1074 1227 1110 sis
1245 1077 1365 1112 metu.

260 1138 321 1177 L1.
355 1139 404 1176 Di
420 1139 496 1177 tibi
513 1138 612 1177 dent
631 1150 939 1191 quaequomque
957 1140 1084 1190 optes.
1116 1138 1200 1177 DE.
1223 1137 1367 1177 Redde

697 1207 863 1257 operam
879 1204 990 1242 mihi.
1322 1210 1365 1244 46

262 1271 373 1319 Quor
403 1270 481 1308 hoc
506 1281 581 1320 ego
606 1282 655 1309 ex
679 1276 720 1308 te
756 1270 945 1321 quaeram
976 1274 1044 1308 aut
1070 1283 1172 1321 quor
1200 1270 1367 1308 miniter

700 1336 790 1386 tibi,

264 1401 491 1452 Propterea
508 1400 617 1452 quod
633 1413 697 1439 me
714 1404 795 1439 non
811 1402 1009 1439 scientem
1025 1401 1177 1439 feceris
1188 1401 1207 1438 ’ἒ

261 1467 343 1505 Aut
360 1469 462 1518 quor
476 1472 684 1519 postremo
701 1466 790 1505 fflio
808 1467 1078 1516 suscenseam,

259 1531 403 1570 Patres
425 1537 469 1571 ut
484 1533 638 1571 faciunt
655 1533 815 1571 ceteri?
861 1533 923 1572 LI.
956 1532 1064 1582 Quid
1080 1533 1184 1571 istuc
1200 1531 1365 1570 nouist‘?

261 1598 448 1636 Demiror
466 1598 563 1650 quid
586 1600 639 1638 sit
656 1599 697 1637 et
714 1612 792 1650 quo
811 1598 958 1638 euadat
977 1612 1064 1638 sum
1081 1602 1121 1637 1¹11
1140 1603 1263 1638 metu.
1322 1604 1360 1635 51

259 1664 343 1705 DE.
374 1664 577 1717 Equidem
597 1666 680 1704 scio
697 1666 776 1704 iam
792 1665 904 1704 filius
923 1665 1031 1717 quod
1048 1667 1156 1704 amet
1170 1677 1282 1703 meus

258 1730 390 1769 Istanc
407 1732 669 1770 meretricem
686 1744 707 1770 e
724 1734 919 1783 proxumo
936 1730 1182 1770 Philenium.

260 1796 389 1834 Estne
412 1797 489 1834 hoc
513 1801 557 1835 ut
582 1796 694 1847 dico,
727 1796 913 1835 Libane?
956 1796 1018 1835 LI.
1051 1796 1218 1834 Rectam
1238 1795 1365 1832 instas

693 1863 819 1900 uiam:

261 1926 320 1964 Ea
336 1927 403 1964 res
420 1932 503 1965 est:
534 1932 597 1966 set
613 1940 704 1966 eum
719 1928 883 1965 mo'rbus
899 1928 1050 1965 inuasit
1065 1927 1212 1977 grauis.
1320 1930 1363 1964 55

263 1990 346 2030 DE.
378 1991 484 2040 Quid
499 1993 700 2031 mdrbist‘?
737 1992 798 2031 LI.
826 1993 925 2042 Quia
942 2005 1023 2031 non
1040 1992 1264 2043 suppetunt
1280 1990 1366 2029 dic-

697 2060 750 2096 tis
767 2058 871 2097 data.

261 2120 344 2160 DE.
378 2121 495 2158 Tune
514 2123 556 2159 es
573 2121 734 2161 adiutor
750 2123 858 2161 minc
876 2124 1024 2161 amanti
1041 2121 1131 2160 filio
1143 2122 1161 2159 ’ἒ

261 2185 322 2223 LI.
357 2185 451 2223 Sum
467 2187 580 2237 uero,
598 2192 639 2226 et
657 2187 762 2227 alter
778 2191 920 2227 noster
937 2193 1000 2227 est
1014 2186 1209 2226 Leonida.

260 2249 342 2289 DE.
377 2250 487 2288 Bene
503 2250 646 2290 hercle
662 2252 816 2291 facitis:
845 2256 867 2291 εἰ
883 2265 946 2292 me
961 2254 1075 2292 initis
1093 2254 1274 2304 gratiam.
