1511 2502
66 164 290 199 v23-19
536 165 870 205 CAPTlvl.
1255 166 1332 208 111

117 276 195 315 Fui
220 289 294 329 ego
317 276 475 328 hellus,
503 276 680 329 lepidus,
712 279 841 316 bonus
867 279 930 316 uir
954 278 1171 331 numquam
1197 292 1331 332 neque

670 343 780 393 frugi
801 344 931 382 bonae

115 407 260 459 Neque
277 419 349 446 ero
366 420 578 459 umquam:
608 420 660 446 ne
679 407 738 458 [tu
754 409 811 459 1'11]
829 421 944 460 spem
958 421 1085 461 ponas
1111 409 1175 448 me
1200 411 1330 449 bonae

667 473 776 524 frugi
791 473 893 512 fore.

114 539 202 579 HE.
233 537 533 591 Prdpemodum
560 539 629 577 ubi
656 536 739 577 loci
761 538 952 578 fortunae
980 538 1071 579 tuae
1101 541 1183 579 sint
1206 539 1330 579 facile

666 602 887 655 intellegis.

113 669 182 720 [Si
220 670 302 708 eris
343 681 488 720 uerax,
536 673 603 707 tua
635 681 683 708 ex
716 681 762 708 re
791 669 942 721 facies,
987 682 1036 708 ex
1071 669 1173 708 mala
1210 670 1328 709 meli-

660 734 877 786 usculam.]

113 800 241 839 Recta
252 806 294 840 et
305 813 403 840 uera
418 800 613 853 quuere:
634 806 697 839 set
714 813 848 852 neque
865 801 965 840 uere
977 800 1051 852 [tu]
1062 813 1196 853 neque
1214 802 1328 840 recte

668 866 798 905 adhuc
1261 872 1328 907 960

112 930 267 970 Fecisti
283 944 481 983 umquam.
526 933 606 970 ST.
625 932 743 982 Qudd
761 945 835 984 ego
852 933 998 981 fatear,
1016 932 1159 971 crc'djn
1176 932 1327 984 pudeat

664 1011 784 1049 quom
800 998 1012 1036 autumes?

112 1064 199 1102 ΗΕ.
247 1052 301 1101 At
334 1076 408 1114 ego
440 1064 585 1102 faciam
615 1069 659 1102 ut
682 1064 854 1116 pudeat:
885 1077 977 1102 nam
1002 1065 1043 1102 in
1068 1065 1259 1103 rubdrem
1284 1070 1318 1103 tc

660 1130 789 1168 totum
808 1129 924 1168 dabo.

110 1194 191 1234 ST.
222 1185 309 1246 Eia,
336 1193 460 1234 credo
478 1207 567 1246 ego,
582 1196 761 1247 inperito
778 1194 916 1247 plzigas
933 1195 1132 1232 minitam's
1150 1195 1268 1233 mihi:

111 1260 295 1299 Tandem
311 1262 389 1299 ista
406 1261 533 1299 aufer.
566 1260 657 1299 dice
678 1260 775 1312 quid
792 1261 891 1311 fers,
918 1261 961 1299 ut
978 1261 1086 1299 feras
1104 1261 1199 1299 hinc
1217 1261 1325 1313 qudd

657 1317 778 1368 petis.

108 1383 195 1421 HE.
235 1382 342 1421 Satis
374 1381 603 1421 facundu’s:
650 1383 714 1420 set
743 1383 822 1420 iam
855 1382 947 1420 fieri
981 1382 1087 1422 dicta
1119 1383 1323 1435 conpenth

658 1446 767 1486 uolo.
1256 1453 1324 1489 965

109 1512 190 1550 ST.
220 1502 275 1551 Vt
290 1514 352 1552 uis
373 1513 454 1551 fiat.
498 1513 585 1551 HE.
607 1513 720 1550 Be'ne
736 1513 964 1563 morigerus
982 1513 1059 1552 fuit
1074 1526 1197 1566 puer:
1216 1528 1323 1554 nunc

657 1579 738 1617 ndn
759 1577 890 1617 decet.

106 1643 195 1682 Ηόε
214 1656 387 1695 agamus.
418 1645 496 1682 iam
512 1645 687 1682 {inimum
704 1643 876 1683 aduerte
893 1657 938 1683 ac
955 1646 1055 1684 mihi
1073 1658 1175 1697 quae
1193 1645 1322 1685 dicam

656 1709 852 1748 edissere.

109 1773 152 1813 S1'
169 1775 250 1814 eris
266 1787 404 1826 uemx,
420 1776 469 1814 ex
485 1777 564 1814 tuis
581 1777 704 1815 rebus
721 1776 872 1814 feceris
889 1775 1158 1815 meliusculas.

108 1840 189 1880 ST.
232 1840 371 1892 Nugae
400 1842 528 1880 istaec
559 1845 670 1880 sunt:
704 1842 786 1879 ndu
817 1854 880 1879 me
915 1853 1058 1880 censes
1087 1844 1192 1881 scire
1226 1842 1322 1894 quid

657 1906 800 1958 dignus
826 1907 957 1945 siem?

102 1970 190 2008 HE.
238 1958 290 2009 At
326 1983 373 2010 ea
412 1972 701 2024 supterfugere
742 1973 849 2024 potis
892 1984 934 2010 es
974 1971 1122 2024 pauca,
1167 1974 1200 2010 si
1240 1986 1320 2011 non

655 2038 798 2076 dmnia.
1254 2043 1322 2078 970

107 2100 186 2140 ST.
226 2102 360 2142 Pauca
384 2103 598 2155 ecfugiam,
630 2105 734 2142 scio:
766 2117 857 2142 nam
881 2102 1007 2142 multa
1032 2104 1247 2154 euenient,
1279 2110 1321 2142 et

651 2171 797 2209 meritd
815 2182 919 2221 meo,

106 2231 206 2281 Quia
223 2231 331 2284 [ego]
350 2237 391 2272 et
408 2234 491 2285 fugi
510 2239 551 2273 et
576 2236 650 2274 tibi
675 2236 872 2288 subrupui
896 2234 1030 2274 fssium
1047 2241 1090 2274 et
1113 2248 1202 2274 eum
1222 2235 1315 2273 uen-

653 2299 751 2343 didi.
