1511 2502
89 89 375 124 11260—‘280
487 79 961 120 AMPHITRVO.
1307 82 1359 122 21

93 191 170 230 SO.
215 182 387 243 Egomet
420 192 518 230 mihi
550 205 630 230 non
661 191 807 240 credo,
839 204 959 242 quom
990 191 1112 230 illaec
1150 193 1357 232 a1'1tumare

698 255 812 294 illum
832 256 973 294 a1'1dio:

91 321 168 358 Hic
202 320 366 372 quidem
395 326 509 360 certe
543 334 645 372 quae
678 320 741 359 ssli
772 325 866 359 sunt
894 334 962 359 res
993 322 1131 372 gestae
1161 328 1359 360 memorat

696 387 947 424 memoriter.

92 449 164 487 set
197 449 294 500 quid
337 451 423 488 ais?
473 451 570 503 quid
605 441 892 503 Amphitruoni
928 451 1067 503 [ddno]
1103 465 1125 489 a
1159 451 1357 490 Telebois

698 516 902 554 datumst?

90 582 183 622 ME.
213 585 381 624 Pterela
397 596 470 622 rex
488 583 555 633 qui
572 582 751 633 pdtitare
769 580 914 619 scslitus
930 586 993 619 est
1008 585 1151 632 patera
1167 583 1301 620 astrea.

91 648 167 687 So.
201 639 429 689 Elocutust.
459 649 528 686 ubi
547 647 626 698 [ea]
646 652 789 698 patera
805 646 913 684 n1'1nc
937 646 1030 684 est?
1087 646 1181 684 ΜΕ.
1212 647 1288 685 Est
1314 648 1355 683 in

694 710 852 760 cistula,
1287 717 1356 749 420

89 767 397 831 Amphitruonis
415 779 624 830 dpsignata
643 779 769 828 signo.
829 777 906 815 SO.
935 776 1049 827 Signi
1067 775 1131 814 dic
1149 776 1246 827 quid
1263 777 1355 814 est?

91 842 181 883 ME.
229 846 329 884 cam
371 843 578 895 quadrigis
611 843 683 882 Sdl
715 844 916 881 exoriens.
975 840 1073 892 quid
1102 853 1165 879 me
1202 847 1354 893 captas,

699 908 921 946 carnufex‘?

89 974 165 1013 ΞΟ.
213 964 476 1026 Argumentis
515 975 626 1013 uicit.
701 973 800 1012 aliut
840 974 988 1011 ndmen
1034 971 1355 1022 quaerunduimst

692 1039 803 1077 mihi.

86 1104 231 1143 Nescio
247 1104 355 1143 unde
371 1106 472 1143 haec
488 1105 554 1142 hic
571 1104 782 1155 spectauit.
841 1103 919 1140 iam
937 1114 1011 1152 ego
1029 1102 1137 1139 hunc
1154 1101 1353 1153 decipiam

691 1170 842 1221 probe:

85 1232 183 1271 Naim
196 1233 305 1285 quod
322 1240 484 1285 egomet
493 1233 603 1272 sdlus
614 1234 696 1272 feci
708 1235 782 1272 nec
796 1233 1006 1284 quisquam
1023 1231 1125 1271 alius
1136 1231 1266 1271 adfuit
1284 1238 1352 1271 425

85 1287 129 1335 in
146 1298 398 1349 tabernaclo,
414 1299 457 1338 id
474 1299 638 1351 quidem
655 1298 779 1337 hodie
795 1299 1012 1349 mimquam
1025 1299 1182 1350 poterit
1200 1297 1351 1336 dicere.

87 1361 130 1399 Si
145 1366 190 1401 tu
207 1363 375 1414 Sosi5’s,
394 1363 579 1414 legiones
599 1365 718 1415 qudm
735 1364 968 1416 pugnabant
986 1366 1183 1413 maxume,

86 1426 192 1475 Quid
206 1428 248 1465 in
264 1427 501 1466 tabernacld
519 1429 687 1467 fecisti?
715 1430 848 1467 uictus
864 1441 972 1478 sum,
998 1429 1032 1466 si
1051 1427 1216 1467 dixeris.

84 1491 178 1531 ME.
224 1491 356 1531 cadus
382 1498 472 1531 erat
496 1494 602 1532 uini:
632 1493 728 1532 inde
752 1493 909 1545 inpleui
925 1494 1121 1532 hirneam.
1181 1494 1259 1532 So.
1287 1494 1351 1532 In-

689 1560 874 1610 gressn'lst
888 1560 1006 1597 uiam.

84 1620 175 1661 ME.
194 1611 292 1659 Eam
310 1634 385 1673 ego
394 1624 494 1674 uini,
506 1628 550 1662 ut
559 1627 688 1662 matre
699 1628 837 1662 natum
849 1624 998 1674 fiierat,
1011 1624 1132 1663 eduxi
1148 1626 1264 1663 meri.
1284 1630 1351 1665 430

85 1685 161 1724 SO.
196 1686 304 1725 Mira
320 1692 414 1726 sunt
429 1690 508 1727 nisi
522 1688 642 1728 latuit
660 1691 768 1728 intus
784 1689 872 1728 illic
892 1691 933 1728 in
952 1689 1044 1728 illac
1063 1691 1219 1730 hirnea.

81 1751 290 1790 FActumst
306 1751 423 1803 illut,
448 1755 492 1793 1'1t
512 1767 586 1806 ego
603 1755 690 1794 illic
707 1757 792 1795 uini
807 1758 993 1795 hirneam
1017 1758 1215 1796 ebiberim
1233 1759 1348 1796 meri.

82 1816 175 1856 ME.
226 1818 362 1867 Quid?
399 1833 506 1859 nunc
541 1822 716 1859 uincone
749 1823 1021 1872 argumentis,
1058 1823 1101 1859 te'
1135 1835 1216 1860 non
1257 1834 1348 1860 esse

687 1886 874 1924 Sasiam?

85 1945 161 1984 SO.
209 1947 301 1985 Τιἰιι
324 1961 448 2000 negas
475 1950 569 1989 med
595 1952 715 1990 esse?
772 1952 865 1991 ΜΕ.
898 1951 1006 2001 Quid
1032 1964 1106 2002 ego
1129 1954 1171 1989 ni
1187 1964 1347 2003 negem,

687 2018 756 2068 qui
773 2018 934 2068 egomet
949 2016 1082 2055 siem?

84 2073 161 2114 SO.
193 2075 274 2113 Per
292 2069 426 2116 Iouem
442 2080 530 2118 iurd
546 2080 641 2119 med
658 2094 750 2120 esse
767 2083 902 2134 neque
919 2095 983 2120 me
999 2080 1148 2120 falsum
1167 2081 1318 2122 dicere.

83 2139 176 2177 ME.
226 2128 280 2178 At
322 2153 397 2192 ego
436 2156 511 2195 per
549 2145 803 2185 Merciirium
834 2148 948 2198 iuro,
988 2148 1063 2185 tibi
1096 2147 1232 2185 Iouem
1265 2160 1346 2185 non

685 2213 880 2251 credere:
1279 2218 1346 2252 436
