1511 2502
91 92 327 146 mee-ss
509 99 960 141 ASINARIA.
1319 102 1371 144 51

149 212 250 252 Sese
267 211 447 252 alternas
465 213 556 252 c1'1m
571 211 644 252 illo
660 214 794 252 noctis
811 214 887 252 hzic
902 213 1005 252 frui:
1028 227 1120 253 nam
1135 215 1178 253 ni
1192 216 1371 267 inpetro,

149 279 304 330 Regem
318 277 505 331 perdidi:
534 279 582 317 ex
593 291 730 318 amore
741 281 939 318 tzintumst
951 279 1107 318 homini
1121 279 1368 319 incendium.

150 346 274 386 ART.
307 344 414 394 Quid
436 345 513 384 tibi
534 345 643 384 hunc
667 346 853 398 receptio
879 345 931 384 ad
953 349 1038 384 test
1055 343 1189 384 meum
1208 346 1371 384 uirum?

700 410 787 450 PH.
819 410 896 451 Pol
911 411 976 449 me
995 409 1159 462 quidem
1303 415 1371 450 920

148 478 342 517 Miseram
367 476 491 528 [istic]
519 475 612 516 odio
640 477 831 516 enicauit.
883 476 1008 516 ART.
1039 476 1172 528 Siirge
1201 480 1369 527 amator,

697 544 711 580 i
727 541 900 582 domum.

145 607 227 647 DE.
259 606 401 646 N1'111us
428 619 528 646 sum.
572 607 696 647 ART.
727 607 852 647 Immo
879 620 937 659 es,
968 609 1022 647 ne
1046 620 1163 660 nega,
1192 609 1368 647 omnium

698 674 935 726 [hdminum]
952 673 1024 727 pol
1041 677 1339 726 nequissumus.

148 729 201 779 At
218 741 340 780 etiam
356 742 477 780 cnbzit
493 739 680 780 cuculus:
712 742 835 793 sfirge
852 744 1021 792 amator,
1038 743 1052 779 i
1069 740 1244 781 domum.

146 806 228 846 DE.
259 807 347 846 Vae
370 807 482 846 mihi.
517 806 643 848 ART.
668 807 779 846 Vera
794 806 1024 846 hariolare:
1056 808 1179 858 slirge
1197 811 1363 858 amator,

696 875 710 911 ι’
727 872 900 913 domum.

145 938 228 977 DE.
263 926 452 991 Apscede
470 950 567 990 ergo
583 937 792 991 paidulum
809 940 926 979 istuc.
964 939 1090 982 ART.
1113 940 1243 992 sarge
1260 954 1365 979 ama-

693 1008 775 1055 tor,
791 1006 805 1042 1‘
821 1003 994 1046 domum.
1297 1011 1364 1046 925

143 1071 226 1111 DE.
255 1071 335 1109 lam
353 1073 539 1125 dpsecrq.
556 1083 668 1109 uxor.
713 1070 838 1110 ART.
871 1070 989 1110 Nilne
1004 1083 1173 1111 uxorem
1188 1072 1255 1111 me
1271 1084 1363 1111 esse

693 1135 916 1174 meministi
929 1135 1070 1176 tuam?

143 1200 283 1251 Mddo,
309 1213 430 1251 quom
455 1199 564 1238 dicta
586 1200 630 1238 in
653 1213 717 1239 me
743 1202 975 1252 ingerebas,
998 1200 1148 1253 sidium,
1164 1215 1247 1241 non
1262 1204 1363 1242 uxdr

696 1279 818 1306 eram.

142 1331 226 1372 DE.
260 1331 389 1370 Tdtus
419 1333 538 1384 perii.
591 1331 717 1372 ART.
751 1331 859 1382 Quid
887 1331 1084 1371 tandem‘.²
1114 1334 1246 1372 anima
1273 1333 1361 1372 foel-

693 1400 810 1435 tetue
827 1397 966 1435 uxoris
982 1400 1076 1435 tuae
1088 1397 1108 1435 ‘3

142 1460 224 1500 DE.
269 1461 453 1501 Milrram
483 1460 579 1500 olet.
638 1461 762 1500 ART.
806 1462 887 1500 Iam
923 1463 1179 1514 s1'1brupuisti
1211 1463 1359 1516 pzillam

694 1539 810 1577 quam
824 1529 961 1565 scortd
981 1526 1101 1566 dares
1112 1529 1132 1566 2

139 1592 225 1632 PH.
254 1582 427 1631 Ecastor
444 1593 512 1643 qui
527 1592 817 1645 silbrepturum
833 1592 984 1646 pallam
999 1594 1208 1646 promissit
1222 1596 1312 1636 tibi.

139 1658 223 1698 DE.
261 1657 352 1697 Νόῐι
390 1658 532 1698 taces?
588 1658 712 1698 ARG.
754 1659 842 1710 Ego
875 1658 1182 1711 dissuadebam,
1212 1663 1355 1700 mater.

687 1724 811 1764 ART.
842 1724 1001 1764 Bellum
1016 1724 1161 1767 filium,
1291 1731 1356 1766 931

138 1778 311 1827 istoscin
325 1791 485 1840 patrem
502 1789 713 1840 aequomst
729 1802 864 1830 mores
881 1789 1026 1829 liberis
1045 1789 1267 1842 largirier?

141 1853 257 1892 Nilne
273 1858 316 1892 te
331 1852 490 1905 pudet?
538 1854 621 1894 DE.
652 1854 729 1893 Pol
746 1856 781 1894 si
797 1855 896 1895 aliut
910 1855 968 1895 nil
985 1857 1051 1907 sit,
1070 1857 1130 1894 tui
1145 1869 1224 1907 me,
1241 1858 1356 1908 uxdr,

687 1920 828 1973 pudet.

142 1981 264 2021 ART.
297 1982 406 2021 Cdno
424 1984 555 2036 capite
570 1986 614 2024 te
631 1985 815 2025 cuculum
832 1988 932 2026 l'lxor
949 1999 998 2026 ex
1011 1986 1153 2026 lustris
1176 1989 1296 2040 rapit.

142 2046 222 2085 DE.
263 2045 354 2085 Ndn
379 2045 481 2086 licet
503 2051 668 2090 manere
694 2046 824 2106 (cena
849 2047 1065 2109 cdquitur]
1092 2051 1187 2091 dum
1212 2053 1354 2091 cenem

689 2116 840 2155 modo?
1287 2122 1354 2157 935

139 2176 263 2215 ART.
295 2167 467 2216 Ecastor
483 2180 645 2218 cenAbis
667 2181 815 2232 hodie,
845 2188 890 2221 ut
908 2182 1051 2234 dignus
1070 2196 1137 2234 es,
1165 2183 1353 2234 magnilm

688 2246 844 2286 malum.

1031 2314 1082 2353 4*
