1511 2502
143 96 221 140 182
621 98 927 138 PLAVTI
1079 110 1405 144 1111461-514

143 208 222 247 PA.
255 197 375 260 Agite
392 208 601 261 apscedite
626 210 736 260 drgo.
768 222 865 248 ecce
882 215 1016 248 autem
1041 211 1293 250 commodum
1309 225 1405 266 ape-

744 276 852 313 riti'ir
865 275 979 315 foris.

142 338 306 379 Hilarus
323 340 419 390 exit,
443 341 700 391 impetrauit:
726 341 856 378 inhiat
878 339 986 391 quod
1002 343 1249 392 nusquamst,
1266 342 1402 381 miser.

343 632 815 670 PYRGOPOIANICES.
850 631 1197 670 PALAESTRIO.

140 732 222 770 PY.
257 731 373 781 Quod
394 732 516 783 uolui,
547 737 591 770 ut
615 731 740 782 uolui⁷
765 733 1000 782 impetraui:
1031 734 1106 783 per
1130 734 1345 771 amicitiam
1362 738 1404 771 et

749 798 916 847 gratiam
1239 787 1264 805 “
1315 806 1405 838 1200

143 852 193 914 [Ᾰ
211 876 274 901 me
300 868 344 901 ut
369 864 517 914 abeat]
563 864 643 901 PA.
679 863 873 912 Quidnam
892 868 933 901 te
958 864 1065 901 intus
1090 864 1214 903 ffiisse
1237 870 1317 903 tam
1343 865 1404 904 di-

746 931 830 966 cam
856 928 953 965 diu?

141 994 223 1034 PY.
254 994 477 1045 Ni'imquam
495 1006 569 1044 ego
595 1006 658 1031 me
684 998 764 1031 tam
789 994 898 1031 se'nsi
926 994 1048 1031 amari
1081 997 1196 1045 qudm
1222 1008 1327 1033 nunc
1354 996 1401 1033 ab

741 1059 813 1098 illa
837 1058 1024 1097 insiliet-e.

140 1126 218 1164 PA.
250 1124 355 1174 Quid
371 1126 477 1163 iam?
520 1125 601 1164 PY.
634 1125 690 1164 Vt
712 1124 837 1162 multa
855 1126 980 1162 uc'rba
996 1125 1109 1175 fecit,
1134 1124 1245 1162 le'nta
1262 1130 1305 1162 ut
1321 1138 1402 1162 ma-

744 1191 870 1228 teries
887 1190 975 1227 fuit.

138 1257 288 1295 Verum
303 1262 510 1307 postremo
528 1257 741 1307 impetraui
759 1260 799 1293 ut
817 1254 947 1293 uolui:
981 1255 1207 1306 donauique
1226 1255 1263 1292 ei

137 1322 247 1370 Quae
264 1320 407 1370 uoluit,
427 1334 528 1372 quae
543 1320 775 1372 postulauit.
810 1320 882 1371 [te]
902 1333 1062 1371 quoque
1082 1320 1152 1371 [ei]
1171 1320 1275 1359 dono
1293 1319 1397 1359 dedi.

137 1387 215 1424 PA.
247 1376 377 1423 Etiam
396 1386 487 1423 me?
518 1399 595 1436 quo
613 1386 730 1423 modo
749 1398 822 1436 ego
840 1387 972 1423 uiuam
990 1388 1077 1423 sine
1096 1386 1168 1423 te?
1198 1386 1279 1424 PY.
1298 1387 1400 1435 Age,

743 1452 872 1488 animo
890 1451 995 1488 bono
1013 1463 1079 1488 es:
1313 1455 1402 1490 1206

135 1506 236 1554 item
260 1514 376 1554 illinc
393 1527 467 1566 ego
485 1521 526 1553 te
541 1514 739 1554 liberabo.
771 1518 861 1553 nam
879 1517 911 1553 si
927 1528 1089 1566 possem
1109 1514 1192 1553 ullo
1211 1515 1329 1554 modo

135 1571 358 1632 impetrare
375 1586 418 1618 ut
433 1583 564 1619 abiret
579 1594 654 1618 nec
671 1586 711 1619 te
729 1580 966 1631 abdiiceret,
984 1583 1149 1632 operatu
1167 1580 1283 1619 dedi:

136 1647 288 1685 Verum
306 1647 520 1697 oppressit.
582 1646 662 1684 PA.
692 1645 800 1684 Deos
826 1648 998 1698 sperabo
1024 1646 1161 1697 teque.
1191 1648 1398 1697 postremo

737 1716 872 1749 tamen

136 1768 222 1816 Etsi
260 1779 364 1815 istuc
398 1777 492 1813 mibi
533 1776 782 1825 acc'rbumst,
836 1777 929 1826 quia
960 1788 1030 1813 ero
1067 1776 1110 1813 te
1141 1775 1401 1815 carendumst

739 1843 915 1891 optumo,
1311 1847 1401 1880 1:210

134 1909 287 1947 Saltem
306 1908 345 1946 id
361 1907 482 1959 uolup
500 1912 576 1958 est,
608 1920 726 1958 quom
753 1909 800 1945 ex
815 1909 968 1945 uirtute
993 1907 1148 1945 formae
1170 1907 1242 1959 [id]
1261 1910 1401 1946 euenit

738 1973 814 2010 tibi

133 2039 229 2078 Me'a
263 2050 389 2089 opera
417 2049 540 2088 super
572 2037 645 2075 hac
679 2038 832 2087 uicina,
865 2051 982 2088 quam
1020 2039 1094 2089 ego
1127 2052 1233 2077 nunc
1263 2040 1400 2078 conci-

739 2101 796 2140 lio
827 2104 914 2143 tibi.

132 2167 216 2206 PY.
249 2166 355 2216 Quid
381 2172 500 2219 opust
524 2168 691 2206 uerbis?
720 2167 956 2205 libertatem
982 2168 1055 2205 tibi
1083 2180 1157 2218 ego
1175 2172 1217 2207 et
1234 2167 1398 2208 diuitias

756 2232 874 2279 dabo,
