1511 2502
112 126 218 158 XXVI
550 125 757 159 EPISTVLA
780 125 946 158 CRITICA

113 241 141 261 v.
170 230 239 263 410
272 226 373 264 foris
418 228 543 265 uicini
589 228 775 279 prdxumi
812 227 1076 278 concrepuit:
1117 242 1145 261 v.
1175 230 1242 264 425
1282 228 1381 279 quid

113 282 313 331 negotist:
342 297 371 317 v.
393 285 460 318 426
486 283 587 321 Men
616 295 734 333 rogas
754 283 875 320 homo
899 285 968 333 qui
989 283 1066 319 sim
1095 285 1155 323 (ab
1180 289 1378 329 sonuum:

114 352 143 372 v.
163 339 232 372 τιὸ-’Ξ
261 338 475 375 cubantem
505 341 587 376 tam
615 337 735 375 modo
759 337 913 375 offendi
934 337 1070 375 domi'.
1091 359 1148 366 —-
1174 341 1216 372 V.
1231 340 1296 374 441
1317 353 1383 384 ego

112 405 197 426 nune
222 397 335 428 malim
373 392 480 441 Quid
516 394 583 431 hic
612 394 655 430 in
683 393 848 444 Epheso
881 394 955 430 tibi
983 392 1193 443 negotist?
1233 397 1314 436 (uisi
1347 398 1381 427 in

113 447 278 487 scriptura
309 447 468 479 librorum
498 459 539 479 ne
572 448 703 479 literula
738 449 873 488 quidem
898 448 1056 479 mutanda
1079 455 1148 485 est,
1178 447 1255 478 vide
1279 456 1382 487 supra

114 497 157 527 ad
183 497 303 539 Amph.
323 499 418 537 111).
447 517 491 521 —
522 499 562 529 V.
579 496 645 531 473
673 499 785 529 nescio
818 509 859 531 an
880 499 928 530 sie
947 500 989 530 sit
1013 497 1227 540 corrigendus
1247 491 1382 542 Magis

112 546 183 598 pol
214 552 350 586 metuo
382 547 534 599 [mihi]:
565 554 629 587 set
657 561 873 599 numquam
902 553 971 594 (cll.
1001 563 1033 584 v.
1053 550 1120 584 526
1142 551 1261 583 Bacch.
1281 549 1380 593 595),

115 612 315 643 quamquam
351 614 416 635 non
447 614 521 635 sum
555 605 727 635 immemor
761 613 917 635 versuum
950 614 969 634 a
995 612 1041 634 ΤΕ
1072 604 1105 634 iu
1130 603 1261 644 Proleg.
1291 602 1379 632 Trin.

114 663 146 694 p.
166 662 285 684 ccxxv
313 662 556 695 congestorum.
594 672 638 678 —
678 654 718 684 V.
739 652 805 686 481
838 654 1049 685 scribendum
1080 658 1129 683 est
1158 648 1293 698 Inique
1322 662 1382 694 pro

114 713 183 734 nec.
213 721 255 726 —
282 705 323 736 V.
339 702 406 736 485
434 713 483 736 ‘rv
506 713 642 746 propter
668 714 825 735 caesurae
851 704 1018 735 defectum
1037 703 1185 734 ordinem
1208 703 1383 734 verborum

115 764 211 793 quem
237 754 310 786 libri
335 755 554 796 prodiderunt
586 750 796 789 Certumst
828 763 935 788 nunc
970 749 1250 801 opserudtioni
1285 759 1384 799 ope-

115 808 199 842 rzim
230 803 326 843 dare
358 810 404 840 ita
430 811 564 841 mutasti
590 816 625 841 ut
650 820 712 852 ego
740 810 846 841 edidi:
872 818 904 841 at
930 810 1015 841 Rud.
1033 808 1098 841 525
1123 808 1228 840 habes
1253 818 1384 839 versum

113 860 211 900 plane
238 861 355 891 eodem
382 860 480 891 niodo
507 861 697 898 omifictum,
737 860 823 891 unde
849 860 910 892 hos
941 860 1024 891 duos
1050 861 1082 891 in
1108 860 1215 891 vicem
1240 869 1277 890 se
1299 859 1382 890 tueri

116 905 328 936 crediderim:
367 916 443 936 nam
476 905 563 936 hunc
595 916 727 946 quoque
759 906 798 936 ob
835 906 973 937 eandem
1005 915 1140 937 causam
1175 905 1224 935 sie
1256 911 1384 935 mutare

113 951 173 980 Aa
201 951 417 982 ue'litatio'nem
453 961 500 981 me
536 952 682 992 equidem
714 953 857 982 eoee'rceo
882 951 1032 992 profecto
1058 951 1236 982 audentius
1261 951 1314 981 sit.
1341 966 1379 974 —·

114 995 238 1027 &1502
266 997 436 1028 verissime
463 1004 510 1027 'rv
538 997 730 1027 intellexisti
755 997 933 1027 insiticium
962 1006 1037 1027 esse
1064 997 1202 1035 eiusque
1223 995 1385 1026 inlocum

115 1042 385 1073 substituendum
419 1052 449 1072 v.
467 1041 548 1077 511,
585 1043 664 1073 item
701 1052 731 1072 v.
755 1040 822 1073 600
847 1047 877 1072 et
907 1041 972 1074 601
1000 1041 1084 1082 (quo
1112 1051 1212 1072 versu
1236 1050 1300 1071 non
1326 1040 1387 1071 abs

115 1098 149 1118 re
183 1086 314 1118 videtur
348 1087 470 1118 referre
504 1086 658 1118 Rssrziviu
692 1097 796 1128 prope
834 1087 961 1118 afuisse
990 1097 1009 1118 a
1038 1096 1113 1117 vera
1138 1086 1383 1117 emendatione:

117 1133 258 1163 correxit
291 1133 377 1163 enim
403 1137 461 1163 aut
483 1138 577 1163 caule
603 1133 710 1173 locus)
736 1142 755 1162 a
778 1132 893 1163 Plauto
920 1131 1162 1163 abiudicandos
1190 1140 1281 1166 esse,
1315 1141 1385 1161 ser-

116 1182 262 1214 vandum
288 1188 397 1214 autem
422 1183 566 1224 proximi
591 1183 682 1214 initio
711 1177 811 1215 Nam
841 1192 900 1224 pro
934 1182 998 1220 Et,
1033 1182 1175 1221 denique
1198 1193 1228 1212 v.
1249 1179 1316 1213 666
1343 1182 1386 1212 ad

116 1231 184 1266 668
210 1234 475 1275 trausponendos
501 1243 575 1264 esse
600 1239 676 1274 post
702 1244 732 1264 v.
749 1231 826 1265 653.
853 1250 898 1256 —
925 1233 966 1263 V.
983 1230 1050 1264 508
1081 1232 1198 1264 vellem
1222 1241 1282 1273 pro
1303 1231 1386 1271 Quin

117 1283 206 1323 quod
241 1293 287 1314 'rv
323 1283 363 1315 de
393 1283 580 1314 coniectura
607 1283 727 1313 dedisti
752 1284 950 1323 scripturam
972 1281 1142 1313 Decurtati
1171 1276 1290 1326 Quod
1318 1291 1386 1312 ser-

119 1347 261 1368 vassem.
287 1355 332 1361 --
360 1338 400 1368 V.
417 1335 483 1368 552
506 1337 580 1368 ride
602 1346 680 1367 num
703 1338 915 1368 Ambrosiam
938 1337 1099 1378 scriptura
1118 1333 1235 1383 Aqua
1255 1332 1385 1383 aeque

117 1389 217 1425 sumi
250 1392 384 1423 defendi
409 1392 517 1432 possit
542 1391 664 1422 talibus
691 1391 852 1432 exemplis
879 1392 1009 1422 iunctae
1037 1394 1262 1433 comparativo
1282 1402 1387 1434 aeque

118 1444 167 1474 vel
193 1444 343 1484 adaeque
370 1444 460 1474 vocis
487 1442 597 1482 qualia
622 1448 698 1473 sunt
725 1441 818 1483 Capt.
841 1440 909 1475 700
937 1440 1005 1474 828
1030 1442 1173 1474 Merc.H
1196 1443 1218 1476 3
1245 1444 1264 1476 1
1290 1442 1386 1484 (nam

115 1488 234 1520 Bacch.
258 1488 323 1521 621
359 1489 415 1520 ubi
450 1487 674 1518 flumin-vs
705 1487 936 1529 pereleganter
959 1498 1063 1530 aeque
1087 1489 1259 1521 invexerat
1282 1498 1329 1520 ’μ’
1355 1496 1386 1521 et

118 1543 150 1565 nt
179 1534 308 1565 ridetur
331 1534 401 1564 iure
428 1542 497 1564 'rvo
525 1533 616 1564 libris
643 1533 822 1565 obsecutus
849 1532 914 1574 es).
941 1551 982 1556 —
1013 1534 1053 1564 V.
1074 1532 1140 1566 613
1161 1545 1212 1575 sq.
1239 1535 1386 1567 Rmzws

117 1581 165 1611 sie
201 1579 419 1611 conformavit
451 1578 491 1610 Sz'
512 1580 656 1619 gerimus
680 1589 758 1609 rem.
808 1578 880 1609 PE.
909 1578 1023 1620 Ma'qz's
1047 1581 1094 1610 ud
1117 1591 1185 1612 rem
1210 1591 1302 1622 quam
1327 1581 1386 1612 hoc

116 1625 226 1656 utibile
253 1635 324 1657 esse
350 1625 413 1656 no'n
436 1630 554 1664 potest.
593 1624 608 1667 j]
646 1624 731 1663 Quid
754 1624 826 1662 tibi,
855 1625 1055 1656 Pleusicles?
1091 1626 1166 1659 PL.
1189 1626 1284 1666 Quod
1295 1627 1389 1658 uobis

111 1672 261 1710 plclceal,
290 1671 465 1710 displicea't
486 1670 581 1701 milti?
606 1680 634 1701 v.
655 1667 721 1702 649
742 1669 855 1711 Neque
877 1680 936 1711 ego
957 1676 1063 1702 autem
1082 1682 1228 1713 umquam
1248 1674 1387 1704 alienum

115 1722 256 1748 scortum
281 1727 345 1747 —.·
369 1727 399 1747 v.
417 1713 483 1747 759.
508 1716 600 1746 initio
625 1726 696 1746 nam
723 1715 917 1756 particulam
945 1722 1019 1748 ante
1042 1725 1087 1748 ¹1·ss
1109 1717 1246 1749 delevit:
1273 1729 1303 1749 v.
1318 1715 1387 1751 865

117 1767 193 1793 ante
218 1761 382 1793 Borfflvm
406 1762 610 1802 transposuit
630 1767 762 1801 partem
787 1762 948 1802 infortuni
970 1773 1088 1793 meam:
1113 1773 1143 1793 v.
1159 1761 1227 1795 913
1249 1770 1324 1795 ante
1341 1773 1386 1796 ΤΕ

117 1808 255 1838 inseruit
280 1817 388 1847 porro
426 1808 510 1838 inter
535 1806 633 1846 Quem
659 1813 689 1838 et
714 1816 786 1848 090.
812 1823 858 1829 —
887 1807 926 1837 V.
947 1805 1014 1839 627
1040 1808 1158 1839 vellem
1185 1811 1387 1851 recepissem

117 1853 206 1892 quod
232 1863 273 1883 ex
298 1851 395 1884 Nonii
422 1852 579 1884 librorum
604 1851 789 1893 corruptela
805 1853 1067 1884 Lmnssxfflsvs
1084 1855 1169 1885 eruit
1183 1853 1387 1895 (praeiverat

117 1917 226 1942 tamen
258 1911 472 1953 Mssncmws)
503 1906 611 1956 Quid
641 1908 698 1945 ais
734 1907 808 1945 tu?
853 1912 933 1945 tam
962 1909 1037 1946 tibi
1067 1921 1154 1960 ego.
1175 1931 1233 1937 ——-
1259 1914 1300 1945 V.
1319 1913 1387 1947 629

117 1981 170 2002 me
207 1972 293 2002 male
325 1971 425 2003 habet
454 1978 596 2012 praeter
629 1974 886 2015 praepositionis
918 1983 1014 2004 usus:
1052 1974 1130 2014 quid
1159 1975 1188 2006 si
1215 1985 1253 2006 ea
1279 1975 1388 2006 deleta

118 2016 267 2048 ordinem
292 2018 469 2049 verborum
495 2029 593 2059 quem
614 2019 688 2050 libri
707 2018 863 2050 exhibent
876 2020 910 2049 in
923 2019 1012 2051 hune
1024 2020 1160 2051 modum
1174 2022 1387 2052 restituamus

116 2070 217 2109 Nam
242 2071 432 2122 equidem
465 2073 544 2111 hau
572 2087 658 2112 sum
683 2077 800 2113 natus
825 2087 952 2113 annos
983 2077 1275 2127 quinquaginta
1301 2077 1386 2112 ——22

118 2157 162 2162 —
187 2140 229 2171 V.
251 2137 318 2172 774
349 2147 430 2182 puto
464 2143 700 2185 corrigendum
732 2153 806 2174 esse
837 2139 967 2188 Quem
995 2142 1155 2178 institui
1183 2147 1252 2179 scil.
1270 2147 1387 2183 dolum,

119 2198 155 2221 ut
185 2192 354 2222 instituere
380 2193 531 2223 astutiam
560 2193 682 2234 legitur
707 2205 739 2225 v.
761 2192 829 2227 237
856 2202 886 2226 et
911 2195 1007 2236 Epid.
1028 2197 1068 2226 ΠΙ
1093 2195 1114 2227 2
1140 2194 1202 2229 27:
1237 2207 1314 2228 nam
1341 2199 1388 2229 in-

119 2236 254 2268 stituere
278 2237 437 2269 rationem
463 2239 531 2269 doli
554 2238 668 2270 dubito
694 2249 774 2270 num
798 2239 934 2271 Plautus
963 2241 1093 2272 dixerit.
1117 2255 1161 2263 ——
1189 2242 1231 2273 V.
1245 2240 1314 2275 800
1333 2254 1388 2274 ve·

119 2291 194 2313 reor
219 2292 260 2314 ne
284 2283 410 2314 incuria
434 2283 644 2315 librariorum
669 2285 851 2317 infinitivus
878 2296 949 2318 esse
977 2287 1120 2317 omissus
1140 2288 1180 2318 sit
1202 2288 1262 2330 (cf.
1283 2285 1390 2322 affin
