1511 2502
22 0 53 78 f

0 79 330 159 3}V514-77
509 87 899 129 STICHVS.
1256 92 1336 133 271

0 229 2 246 ;
23 213 36 253 '2
72 192 173 253 Age,
187 201 313 240 mulsa
330 214 418 240 mea
434 198 659 251 sufiuitudQ
675 199 798 239 salta:
831 199 985 239 saltabo
1006 203 1079 252 ego
1096 201 1238 242 semul.
1269 208 1336 243 755

30 271 36 307 ’.
70 268 147 306 SA.
180 267 404 318 Numquam
420 265 568 319 edepol
584 264 678 305 med
692 268 795 305 istoc
809 267 963 317 uinces,
981 270 1076 318 quin
1091 281 1165 319 ego
1183 269 1335 309 ibidem

26 319 37 386 ἶ
669 333 861 384 pri'triam.

31 399 36 403 ’
70 397 186 437 STE.
219 397 262 436 Si
287 397 449 449 quidem
473 396 571 435 mihi
594 395 881 447 saltandumst‚
911 398 989 436 iam
1014 411 1086 436 uos
1112 398 1204 437 date
1225 402 1335 439 bibat

668 463 839 502 tibicini.

70 527 167 566 STI.
195 517 249 565 Et
279 526 441 578 quidem
470 527 599 566 nobis.
652 527 730 566 SA.
765 527 905 579 Tene,
937 529 1113 580 tibicen,
1143 532 1334 582 primum:

672 592 859 645 postidea
872 592 967 645 loci,

71 658 115 696 Si
131 659 207 696 hoc
224 658 427 709 eduxeris,
444 658 618 710 proinde
634 664 677 698 ut
694 660 922 698 consuetu's
938 661 1122 711 antehac,
1139 661 1335 700 celeriter

68 722 262 774 Lepidam
279 729 320 761 et
340 736 503 762 suauem
519 725 745 763 cdntionem
763 723 937 775 aliquam
954 726 1139 778 occupito
1159 725 1336 764 cinaedi-

671 803 770 840 cam,
1269 796 1338 832 760

71 843 149 891 Vbi
186 855 536 904 perpruriscamus
577 867 704 904 usque
741 867 789 893 ex
829 854 1069 905 (unguiculis.
1119 856 1216 894 inde
1254 857 1335 895 huc.

668 932 820 969 aquanh

181 983 297 1022 Tene
315 988 357 1021 tu
373 985 468 1022 hoc:
500 983 641 1023 educe.
674 984 824 1024 dudum
839 986 917 1024 hau
932 985 1085 1038 placuit
1099 988 1232 1039 potio:

180 1049 295 1087 Nunc
315 1052 446 1088 minus
463 1055 628 1100 grauate
644 1051 723 1088 iam
739 1051 897 1102 accipit.
929 1056 1025 1089 tene
1042 1056 1096 1092 tu.
1127 1052 1305 1101 interim,

178 1115 298 1154 Meus
316 1114 469 1166 oculus,
488 1114 537 1154 da
552 1116 651 1154 mihi
667 1116 834 1166 sanium,
852 1115 944 1154 dum
961 1115 1045 1155 illic
1061 1117 1177 1157 bibit.

178 1180 295 1221 STE.
318 1180 584 1220 Prostibulist
600 1186 732 1220 autem
749 1185 922 1221 stantem
936 1184 1060 1221 stanti
1076 1184 1230 1222 sanium
1267 1189 1334 1224 765

177 1247 283 1285 Dare
295 1250 460 1287 amicam
472 1249 610 1286 amico.
641 1247 737 1287 STI.
752 1248 880 1298 Euge,
898 1249 1021 1299 euge:
1039 1249 1096 1287 sic
1107 1248 1190 1286 furi
1203 1247 1332 1288 datur.

180 1313 256 1352 SA.
274 1314 376 1364 Age,
386 1314 570 1352 iaminfla
579 1315 745 1352 buccas:
766 1314 960 1352 minc‘iam
973 1313 1128 1365 aliquid
1139 1315 1331 1354 suauiter.

180 1379 293 1418 Cedo
311 1382 539 1419 cantionem
554 1381 688 1418 ueteri
703 1393 778 1432 pro
795 1381 888 1418 uino
905 1394 1062 1420 nouam.

69 1447 146 1495 Qui
161 1446 320 1484 Ionicus
340 1450 407 1484 aut
424 1445 693 1496 cinae‘dieust‚
718 1447 785 1496 qui
802 1446 879 1484 hoc
897 1445 979 1484 tale
995 1446 1133 1485 facere
1149 1447 1280 1498 possit
1289 1446 1309 1483 ’ἒ

69 1511 165 1549 STI.
199 1510 243 1549 Si
258 1512 362 1549 istoc
378 1523 442 1549 me
461 1524 581 1550 uorsu
596 1512 760 1562 uiceris,
777 1510 855 1549 alio
872 1524 936 1550 me
951 1514 1184 1563 prouocato.
1266 1517 1334 1552 770

66 1577 143 1616 SA.
161 1576 268 1614 Face
279 1581 323 1614 tu
334 1576 552 1615 hdcmodo.
578 1577 675 1615 STI.
692 1577 748 1615 At
757 1581 843 1615 tute
852 1578 929 1615 hoc
938 1575 1070 1616 modo.
1099 1576 1331 1616 SA.Babae.

553 1641 652 1681 STI.
673 1641 813 1681 Tatae.
846 1642 923 1681 SA.
940 1642 1086 1693 Papae.
1121 1641 1217 1679 STI.
1237 1641 1331 1680 Pax.

67 1707 144 1745 SA.
183 1707 295 1746 Nunc
318 1709 474 1759 pariter
500 1709 628 1748 ambo.
667 1711 796 1746 omnis
820 1721 922 1747 uoco
948 1708 1158 1757 cinaedos,
1190 1711 1332 1745 contra

668 1776 726 1824 [ut
741 1773 918 1823 saltent]

68 1840 174 1878 Satis
206 1841 295 1878 esse
326 1841 443 1878 nobis
474 1842 556 1879 non
578 1841 702 1892 magis
727 1841 832 1892 [hoc]
857 1841 965 1892 potis
976 1845 1039 1878 est
1065 1853 1180 1891 quam
1206 1839 1331 1890 fungo

665 1908 807 1945 imber.

67 1969 164 2007 STI.
196 1969 306 2008 Intro
333 1971 428 2009 hinc
454 1972 640 2010 abeamus
664 1974 772 2010 nunc
792 1973 892 2010 iam:
925 1970 1111 2010 saltatum
1134 1970 1232 2008 satis
1255 1982 1330 2021 pro

664 2039 811 2076 uinost.
1264 2039 1333 2074 774

66 2100 172 2144 Vos,
195 2101 468 2152 spectatores,
495 2101 679 2154 plaudite
695 2107 816 2155 atque
831 2103 890 2141 ite
908 2101 957 2141 dd
972 2114 1045 2141 uos
1062 2102 1329 2140 comissatum.
