1511 2502
497 90 553 122 AD
580 90 686 121 FRlD.
713 88 1008 122 RlTSCHELivM.
1367 90 1397 122 V

120 192 328 224 consuetudo
351 185 524 230 Plautiua’,
553 197 609 223 aut
633 200 765 222 manum
789 190 975 222 plautinam
999 195 1056 222 aut
1080 198 1168 223 certe
1193 190 1309 223 Plauto
1329 202 1394 224 non

122 238 294 281 indignam
327 238 547 269 restituerem.
585 236 642 268 ubi
678 246 755 268 vero
789 236 947 267 librorum
981 236 1166 278 scripturae
1191 237 1275 269 adeo
1302 243 1395 269 eraut

123 284 323 325 depravatae
354 288 389 314 ut
422 282 502 323 quid
535 292 555 313 a
589 288 687 324 poeta
712 281 898 323 profectum
922 288 1009 313 esset
1035 291 1144 321 neque
1168 282 1297 324 priores
1322 283 1394 314 edi-

121 335 210 360 tores
241 329 409 361 invenisse
435 328 628 360 viderentur
650 337 758 367 neque
785 337 847 368 ego
874 327 1034 359 extricare
1049 336 1205 369 possem,
1233 327 1279 359 ibi
1295 328 1392 370 signo

122 374 328 416 corruptelae
351 373 465 406 addito
491 378 638 405 monstra
662 372 779 414 optimi
797 372 873 404 libri
895 382 1028 404 servare
1041 373 1147 404 satius
1159 373 1277 415 putavi
1291 383 1390 414 quam

125 420 232 451 verbis
258 425 377 462 poetae
400 418 529 460 aliquid
553 419 740 450 immiscere
762 418 853 458 quod
878 418 988 459 ipsum
1011 419 1188 460 scripsisse
1207 419 1295 450 omni
1311 429 1389 460 pro-

123 465 305 496 babilitatis
335 465 446 507 specie
476 469 616 496 careret:
654 463 715 494 has
745 463 847 504 igitur
875 464 1023 495 maculas
1053 474 1128 495 cum
1161 464 1278 496 ceteris
1304 473 1390 504 quae

122 520 214 542 meos
241 509 354 542 oculos
380 509 536 553 fugerunt
561 518 631 542 'rvo
658 509 816 540 eluendas
833 508 959 551 ingenii
977 510 1122 541 acumini
1138 509 1274 550 reliqui,
1301 509 1392 550 quod

121 566 220 596 quam
247 557 398 598 ingentes
424 565 462 587 ac
486 565 589 597 prope
612 553 862 597 inexplicabiles
885 555 975 586 visas
1001 554 1212 587 difficultates
1234 555 1393 596 expedire

121 602 220 633 sciret
252 612 326 633 cum
352 602 429 633 alibi
453 607 521 632 tum
546 602 689 632 maxime
714 609 819 641 nuper
844 600 877 631 in
905 600 1009 632 Milite
1033 600 1180 643 glorioso
1207 600 1319 632 sabula
1342 601 1392 632 iu-

116 647 323 679 ¹credibiliter
348 652 502 689 corrupta
524 646 705 678 luculenter
730 645 917 677 declarasti.

215 693 433 725 Absolveram
459 696 568 724 autem
595 692 740 732 quinque
763 691 883 722 harum
909 692 1156 723 comoediarum
1187 692 1392 723 emendatio-

123 748 198 769 nem
224 744 255 769 et
285 737 483 779 Amphitruo
516 748 591 769 cum
619 736 765 779 Captivis
791 736 959 769 literarum
986 736 1101 768 formis
1127 739 1194 769 iam
1218 741 1310 769 erant
1336 738 1393 769 de-

122 785 284 825 scriptae,
323 793 397 815 cum
422 793 544 815 novum
569 783 825 814 instrumentum
851 782 998 814 criticum
1026 783 1128 823 idque
1157 783 1296 814 maximi
1321 793 1393 814 mo-

123 830 224 860 menti
249 839 291 861 ex
316 831 482 871 insperato
506 829 593 861 dono
620 829 744 870 accepi.
793 827 954 860 CARoLvs
979 829 1067 860 enim
1084 828 1246 860 HALfflvs
1267 833 1392 867 noster,

122 875 217 907 cuius
242 876 332 916 quod
358 885 421 917 ego
448 884 580 915 quoque
603 875 636 906 in
660 884 807 905 amorem
831 874 1077 914 amicitiamque
1101 875 1238 916 perveni
1263 884 1395 916 semper

123 921 208 951 inter
231 921 475 962 prosperrimos
503 921 589 952 vitae
615 929 708 950 meae
734 929 831 950 casus
856 920 955 958 duxi,
982 929 1056 950 cum
1072 919 1141 951 fato
1159 920 1278 952 acerbo
1293 919 1395 961 (milii

123 965 248 996 scilicet
278 966 414 1003 acerbo,
453 964 500 996 illi
534 964 669 1006 quidem
700 964 810 996 hercle
836 965 1089 1006 exoptatissimo
1116 975 1154 997 ac
1179 975 1286 1007 paene
1309 966 1394 997 invi-

123 1010 250 1051 dendo)
276 1021 318 1042 ex
342 1010 405 1041 hac
434 1015 522 1041 terra
551 1011 696 1050 itemque
723 1009 843 1042 vicinia
868 1020 941 1042 mea
964 1015 1099 1042 avectus
1124 1011 1157 1042 in
1181 1012 1297 1043 itinere
1322 1010 1394 1043 Mo-

123 1056 264 1087 nachino
296 1056 380 1087 forte
404 1054 538 1086 fortuna
561 1057 725 1087 ΑΝΤοΜο
751 1054 1052 1086 SCHWARZMANNO
1077 1056 1180 1087 veteri
1206 1057 1312 1088 amico
1339 1068 1393 1088 oc-

121 1102 297 1139 currisset,
335 1111 434 1141 quem
467 1100 544 1132 olim
577 1101 617 1132 de
643 1100 772 1133 edendo
796 1099 912 1132 Plauto
946 1100 1113 1142 cogitasse
1138 1106 1170 1132 et
1193 1101 1295 1133 libros
1323 1103 1394 1134 eius

122 1148 263 1188 scriptos
298 1146 478 1178 contulisse
507 1147 648 1184 sciebat,
684 1145 784 1178 simul
808 1150 907 1186 atque
931 1145 1024 1177 illum
1045 1146 1109 1178 hoc
1131 1147 1307 1179 consilium
1333 1148 1394 1179 du-

122 1193 203 1224 dum
228 1193 390 1224 abiecisse
415 1192 592 1233 comperit,
620 1192 694 1224 ilico
718 1201 867 1223 meorum
891 1192 1078 1223 studiorum
1095 1202 1223 1224 memor
1239 1194 1394 1235 precibus

123 1239 163 1270 ab
196 1238 302 1270 amico
332 1238 520 1279 impetravit
551 1242 586 1268 ut
616 1238 643 1268 is
668 1237 832 1278 quidquid
857 1237 1038 1279 adparatus
1063 1238 1166 1269 critici
1192 1238 1394 1281 conlegisset

121 1293 197 1315 sese
228 1283 309 1314 mihi
345 1292 580 1315 concessurum
612 1293 686 1314 esse
718 1283 936 1324 promitteret.
976 1284 1068 1323 quod
1092 1284 1230 1324 quidem
1253 1285 1394 1326 promis-

123 1339 198 1361 sum
222 1329 273 1360 vir
296 1329 605 1370 praestantissimus
630 1339 734 1370 nuper
760 1328 898 1360 exolvit:
937 1328 1023 1360 dono
1048 1330 1135 1360 enim
1161 1329 1242 1361 mihi
1265 1331 1391 1362 Vratis·

123 1375 211 1406 .avia
236 1374 292 1406 ubi
315 1384 402 1406 nunc
425 1375 517 1415 degit
541 1375 681 1405 tramisit
707 1374 894 1416 exemplum
921 1384 1019 1406 suum
1047 1374 1202 1407 editionis
1228 1376 1394 1407 Amstelo-

125 1420 291 1453 ttamensis
315 1419 392 1451 anni
416 1429 596 1458 MDCCXXI,
625 1420 719 1451 cuius
747 1420 889 1462 margini
906 1429 971 1451 non
991 1420 1099 1452 solum
1119 1421 1152 1452 in
1169 1422 1322 1453 omnibus
1345 1421 1394 1452 fa-

125 1465 209 1498 bulis
223 1465 353 1497 Veteris
368 1464 500 1497 Codicis
516 1464 758 1497 Quamnam
772 1466 834 1497 sed
851 1466 950 1497 etiam
967 1466 1000 1497 in
1016 1465 1208 1498 Trinummo
1224 1466 1393 1499 Pseudulo

123 1511 325 1543 Mostellaria
348 1511 423 1542 libri
438 1511 651 1543 Ambrosiani
668 1511 895 1553 discrepantes
913 1512 1094 1553 scripturas
1112 1512 1301 1544 admirabili
1320 1512 1393 1544 dili-

122 1558 236 1599 gentia
252 1566 337 1588 anno
355 1565 577 1588 Mocccxxxv
596 1567 615 1588 a
635 1566 671 1588 se
687 1557 814 1589 Romae
831 1562 862 1588 et
880 1556 1060 1589 Mediolani
1073 1563 1247 1599 excerptas
1260 1558 1392 1589 nitidis-

122 1603 206 1634 sime
247 1603 463 1644 ascripserat:
509 1613 568 1644 pro
602 1613 668 1643 qua
700 1602 862 1645 singulari
893 1602 1127 1634 benevolentia
1160 1604 1230 1635 viro
1268 1604 1393 1644 optimo

123 1654 231 1679 tantas
261 1653 402 1688 quantas
427 1649 592 1680 maximas
622 1648 753 1679 animus
782 1658 876 1679 meus
903 1657 1022 1690 capere
1043 1652 1154 1690 potest
1177 1649 1301 1691 gratias
1328 1657 1392 1690 age

123 1704 230 1734 eoque
253 1692 420 1725 lubentius
445 1704 509 1734 quo
532 1693 634 1725 hodie
655 1694 781 1725 rariora
803 1694 874 1725 eius
898 1694 989 1725 modi
1003 1695 1193 1726 testimonia
1206 1703 1394 1736 propensae

124 1740 156 1770 in
186 1738 327 1770 aliorum
353 1739 465 1771 studia
490 1739 669 1771 voluntatis
695 1748 769 1770 esse
793 1739 910 1770 solent.
946 1739 1034 1771 huuc
1058 1740 1159 1781 igitur
1184 1741 1393 1782 adparatum,

123 1790 157 1816 ut
190 1794 292 1826 supra
321 1785 408 1822 dixi,
441 1790 509 1816 tum
543 1786 676 1817 demum
707 1785 820 1827 accepi
856 1795 930 1816 cum
957 1784 1044 1816 duae
1069 1785 1144 1816 illae
1170 1785 1302 1817 fabulae
1328 1785 1394 1816 iam

122 1829 291 1862 literarum
317 1830 433 1862 formis
460 1831 644 1873 descriptae
671 1836 782 1868 erant,
809 1841 874 1870 quo
900 1830 1024 1862 factum
1049 1836 1098 1862 est
1124 1835 1159 1862 ut
1183 1832 1216 1863 iu
1241 1830 1294 1862 his
1310 1839 1394 1872 pau-

123 1885 178 1906 cas
203 1881 330 1907 tantum
356 1876 606 1908 emendationes
631 1886 714 1916 quas
741 1886 827 1908 nova
851 1876 906 1907 illa
924 1876 1040 1917 optimi
1058 1876 1133 1907 libri
1153 1876 1294 1908 conlatio
1312 1885 1392 1917 sup·

121 1921 302 1962 peditaret,
342 1926 502 1962 quantum
532 1923 604 1953 sine
637 1923 763 1953 maiore
795 1931 971 1963 operarum
996 1921 1147 1953 molestia
1172 1921 1242 1953 fieri
1264 1927 1393 1964 posset,

123 1972 240 2006 postea
270 1967 465 1999 inserendas
497 1977 612 1999 curare
641 1967 723 1999 mihi
745 1967 858 1998 liceret
881 1966 990 2006 (velut
1016 1967 1190 2009 egregium
1213 1967 1296 1999 illud
1317 1977 1393 1998 con-

121 2012 181 2052 flat
203 2012 325 2053 Amph.
351 2023 382 2044 v.
410 2011 478 2046 234
501 2023 559 2054 pro
587 2023 624 2044 eo
650 2012 740 2053 quod
760 2012 876 2043 relicui
889 2012 964 2044 libri
980 2012 1137 2044 exhibent
1149 2013 1295 2052 constat)
1309 2012 1393 2044 alias

124 2056 210 2087 infra
235 2057 400 2089 addituro.
429 2059 463 2090 in
487 2059 639 2090 Rudente
663 2064 774 2090 autem
798 2057 894 2098 (nam
917 2058 961 2090 ad
983 2057 1121 2089 Militem
1140 2064 1169 2090 et
1184 2058 1225 2090 ad
1239 2058 1392 2090 Trinum-

124 2111 213 2132 mum
255 2111 325 2134 TVA
356 2103 422 2134 iam
454 2104 555 2136 editio
593 2104 774 2145 scripturas
804 2103 937 2135 Veteris
971 2102 1103 2135 Codicis
1141 2104 1393 2135 accuratissime

120 2152 295 2189 excerptas
321 2148 516 2191 exhibebat)
542 2154 577 2180 ut
599 2150 697 2191 plene
720 2149 811 2180 illum
836 2149 1031 2190 adparatum
1055 2153 1086 2179 et
1110 2148 1196 2181 iuste
1219 2150 1262 2181 ad
1287 2158 1392 2189 expo-

122 2192 233 2224 lienda
259 2193 360 2225 verba
391 2191 510 2235 poetae
544 2194 704 2227 adhibere
727 2204 864 2236 possem
888 2204 926 2226 eo
952 2193 1104 2226 effectum
1131 2200 1180 2226 est
1208 2195 1296 2235 quod
1322 2194 1392 2224 sin·

119 2236 221 2277 gulae
251 2236 351 2270 huius
389 2239 546 2271 editionis
571 2240 726 2283 plagulae
750 2239 861 2281 Lipsia
888 2239 1105 2283 corrigendae
1128 2239 1193 2272 huc
1217 2238 1300 2272 mihi
1325 2243 1391 2270 tra-
