1511 2502
132 23 207 107 1113
230 69 367 106 27—43
538 58 569 98 C
595 58 627 96 V
656 57 690 97 R
719 55 748 96 C
777 56 811 95 v
839 56 868 95 L
896 54 913 95 1
943 55 995 95 ο.
1324 56 1406 98 135

190 172 384 214 curculio
411 173 624 223 exoptate,
653 166 780 208 salue.
825 168 909 207 CV.
943 167 1077 209 salue.
1124 169 1209 208 PH.
1241 168 1407 209 Saluum

735 231 892 283 gaudeo

192 304 254 342 Te
276 301 492 342 aduenire:
524 298 624 338 cedo
648 301 757 337 tuam
779 298 834 335 mi
860 296 1081 336 dexteram.
1113 300 1180 336 ubi
1202 305 1295 337 sunt
1311 300 1405 352 spes

735 362 880 401 meae?

190 425 393 484 Eloquere
411 443 582 483 opsecro
599 427 752 467 he'rcle.
800 427 884 467 CV.
918 426 1150 478 Eloquere,
1174 434 1216 467 te
1235 432 1404 482 opsecro

736 491 928 544 [hercle]‚
948 493 1017 531 ubi
1034 493 1127 530 sunt
1143 494 1287 532 meae?

189 562 274 600 PH.
307 560 412 612 Quid
436 560 582 599 tibist?
625 558 708 598 CV.
743 557 961 596 Tenebrae
982 558 1245 609 oboriuntur,
1277 559 1405 609 ge'nua

734 621 871 661 inedia
887 621 1114 661 succidunt.

189 692 275 732 PH.
307 689 566 730 Lassitudine
596 687 739 727 hercle
773 687 909 726 credo.
957 687 1040 727 CV.
1070 688 1239 737 Retine,
1271 690 1405 726 retine

739 765 818 803 me,
836 756 1020 805 opsecro.
1336 759 1404 792 310

190 821 275 861 PH.
308 819 413 860 Vide
443 824 488 858 ut
518 817 732 873 expalluit:
765 818 877 856 datin
902 819 972 856 isti
995 817 1135 857 sellam
1159 819 1229 857 ubi
1247 817 1404 857 adsidat

739 884 820 921 cito

190 942 243 990 Et
261 949 444 1003 aqualem
461 963 549 989 cum
567 950 697 1001 aqua?
726 951 967 1002 properatin
984 952 1093 989 ocius
1105 951 1125 989 ‘3
1157 950 1240 991 GV.
1258 952 1403 990 Animo

738 1015 894 1054 malest.

191 1082 274 1122 PH.
303 1083 386 1122 Vin
413 1082 584 1133 aquam?
629 1081 712 1121 CV.
747 1081 789 1119 Si
813 1080 1124 1133 fmistulentast,
1158 1081 1207 1120 da
1232 1084 1403 1134 opsecro

738 1146 897 1197 hercle,
914 1148 1166 1198 opsdrbeam.

191 1212 274 1251 PH.
301 1212 389 1251 Vae
413 1212 535 1263 capiti
557 1215 638 1250 tuo.
688 1211 771 1252 CV.
808 1202 990 1264 6psecro
1007 1211 1149 1251 hercle
1165 1212 1289 1252 facite
1307 1225 1395 1251 uen·

736 1280 822 1313 tum
837 1280 882 1314 ut
898 1275 1104 1327 gaudeam.

189 1341 274 1379 PH.
307 1340 506 1379 Maxume.
561 1340 644 1381 CV.
677 1340 783 1390 Quid
798 1341 932 1379 facitis
952 1342 1130 1392 quaeso‘.l
1179 1343 1262 1383 ΡΑ.
1294 1344 1401 1384 Ven-

739 1409 836 1445 tum.
869 1406 952 1445 CV.
979 1405 1084 1445 Nolo
1102 1408 1291 1458 equidem
1306 1410 1407 1447 mihi

189 1472 302 1509 Fieri
318 1467 542 1509 uentulum.
580 1469 667 1510 PH.
697 1470 804 1520 Quid
818 1472 943 1521 igitur
954 1472 973 1508 ’.ἲ
1004 1471 1087 1512 GV.
1110 1463 1227 1524 Esse,
1245 1479 1289 1512 ut
1305 1487 1404 1513 uen-

738 1541 824 1575 tum
840 1537 1048 1588 gaudeam.
1336 1546 1403 1580 316

188 1601 273 1642 PH.
307 1602 490 1654 Iuppiter
512 1605 556 1640 te
582 1601 704 1652 dique
729 1601 916 1653 perdant.
963 1603 1047 1643 CV.
1079 1604 1213 1642 Perii:
1243 1607 1406 1657 prospi-

736 1668 797 1706 eid
813 1681 968 1720 parum,

189 1722 245 1770 Os
263 1735 492 1783 amarumst,
511 1732 657 1771 de‘ntes
674 1733 703 1784 †
717 1733 875 1786 plenos,
891 1735 1068 1787 lippiunt
1084 1735 1222 1774 fauces
1238 1735 1365 1774 fame:

188 1786 248 1834 I'ta
266 1797 345 1835 cibi
362 1798 585 1837 uociuitate
602 1799 722 1838 uenio
738 1798 858 1838 lassis
874 1799 1058 1839 lactibus.

189 1860 275 1899 PH.
305 1862 384 1900 Iam
401 1862 499 1902 edes
517 1863 679 1915 aliquid.
725 1865 807 1905 CV.
839 1864 943 1904 Nolo
962 1865 1103 1904 hercle
1121 1865 1288 1917 aliquid,
1316 1868 1406 1906 cer-

738 1935 823 1969 tum
841 1944 957 1982 quam
975 1931 1129 1983 aliquid
1144 1932 1315 1972 mauolo.
1338 1939 1405 1972 320

189 1990 275 2030 PH.
303 1980 426 2030 immo
458 1994 492 2031 si
521 1995 625 2034 scias
654 1995 854 2047 reliquiae
887 1998 989 2048 quae
1018 1997 1113 2037 sint.
1171 1996 1255 2038 GV.
1288 1997 1403 2036 Scire

736 2063 855 2100 nimis
872 2060 988 2101 lubet

191 2117 271 2161 Vbi
287 2123 415 2162 sient:
435 2137 526 2164 nam
541 2125 624 2166 illis
641 2130 854 2167 conuentis
872 2131 970 2168 sane
988 2142 1087 2182 opus
1104 2132 1168 2168 est
1184 2130 1284 2167 meis
1303 2128 1405 2167 den-

738 2195 859 2233 tibus.
