1511 2502
104 105 335 140 11229—47
477 93 999 133 PSEVDVLVS.
1293 94 1372 134 191

102 209 403 258 praestitutam,
430 205 561 258 quoad
578 207 759 244 referret
775 206 906 255 ndbis,
932 218 1065 256 neque
1086 205 1179 244 dum
1198 205 1369 246 rettulit.

102 275 188 314 HA.
220 265 343 313 lmmo
376 273 503 313 adest.
557 272 633 312 PS.
667 272 786 310 Tune
817 271 1020 311 Attulisti?
1065 271 1154 311 HA.
1187 261 1372 322 Egomet.

709 337 784 376 PS.
818 335 926 387 Quid
943 335 1101 374 dubitas
1122 335 1250 374 dare?
1305 342 1374 377 625

101 407 188 445 HA.
223 405 318 444 Tibi
336 418 410 456 ego
429 404 553 444 dem?
595 404 670 443 PS.
704 403 811 443 Mihi
827 401 968 441 hercle
989 414 1111 452 uem,
1138 404 1290 453 quires
1309 417 1371 441 ra-

706 470 924 520 tionesque
944 469 1006 507 eri

100 535 296 575 Ballionis
316 537 428 586 miro,
450 540 661 587 argentum
678 535 844 586 accepto
861 538 903 572 et
919 533 1014 585 q'uoi
1032 533 1202 572 dehibe't
1219 533 1325 572 dato.

99 603 187 642 HA.
216 601 260 640 Si
286 601 449 653 quidem
466 601 608 640 hercle
620 602 741 640 etiam
758 601 937 652 supremi
952 601 1162 652 promptes
1179 601 1368 638 thensau-

711 668 777 704 τός
794 666 914 715 Iouis,

100 733 196 771 Tibi
224 732 409 773 libellam
439 733 598 784 argenti
627 745 841 784 numquam
873 731 1048 771 credam.
1096 732 1171 771 PS.
1203 732 1305 771 Dum
1328 737 1369 771 te

709 799 908 847 stre‘nuas,

98 866 178 903 Res
195 866 275 903 erit
292 863 435 903 soliita.
478 865 566 902 HA.
598 864 786 903 Vinctum
803 865 938 915 potius
955 864 1012 902 sic
1030 866 1262 902 seruauero.
1302 870 1370 904 630

99 930 172 971 PS.
219 930 305 971 Vae
335 931 431 969 tibi:
475 936 519 968 tu
557 930 758 968 inuentu's
794 942 894 968 uero
925 929 1054 969 meam
1085 931 1153 982 qui
1182 929 1369 969 furcilles

705 995 857 1034 fidem?

98 1063 220 1111 Quasi
236 1076 317 1101 non
333 1063 431 1101 mihi
449 1063 635 1100 sescenta
651 1067 763 1100 tanta
782 1060 859 1100 s61i
876 1059 1038 1100 soleant
1053 1061 1227 1101 credier.

97 1128 184 1167 HA.
216 1128 359 1167 Potest
384 1133 427 1166 ut
452 1127 519 1166 alii
545 1129 601 1166 ita
628 1129 881 1166 Arbitrentur
905 1128 947 1166 et
970 1140 1045 1179 ego
1067 1132 1111 1166 ut
1134 1140 1186 1166 ne
1204 1128 1368 1167 credam

705 1195 791 1232 tibi.

96 1258 169 1297 PS.
204 1260 327 1308 Quzisi
343 1264 386 1297 tu
403 1257 514 1297 dicas
529 1260 593 1297 me
611 1263 650 1297 te
668 1259 775 1298 uelle
793 1260 961 1311 argento
980 1259 1304 1301 circumdficere.

96 1325 183 1364 HA.
216 1315 339 1363 lmmo
369 1337 467 1363 uero
495 1326 608 1375 quasi
636 1330 681 1364 tu
711 1325 754 1364 id
779 1325 888 1365 dicas
914 1328 1111 1378 quasique
1137 1339 1211 1378 ego
1232 1332 1367 1365 autem

707 1391 903 1444 sxispicer.
1301 1397 1367 1432 635

97 1457 170 1495 Set
195 1456 292 1508 quid
316 1462 379 1495 est
403 1458 477 1496 tibi
502 1458 679 1496 nomen?
722 1458 799 1497 PS.
833 1457 985 1496 Seruos
1010 1458 1073 1497 est
1102 1459 1196 1496 huic
1225 1457 1368 1497 lenoni

705 1523 851 1561 Surus:

97 1579 197 1628 Eum
223 1602 313 1628 esse
337 1601 400 1627 me
417 1588 558 1628 dicam.
607 1589 733 1628 Surus
752 1602 848 1628 sum.
895 1589 984 1628 HA.
1017 1589 1174 1628 sarus?
1219 1589 1292 1628 ps,
1321 1588 1366 1627 m

702 1660 765 1694 est
785 1656 933 1694 nomen
952 1656 1063 1694 mihi.

96 1721 183 1760 HA.
216 1722 355 1762 Verba
384 1719 508 1759 multa
536 1721 717 1761 facimus
758 1734 852 1759 erus
883 1722 916 1759 si
946 1721 1039 1760 tiius
1064 1721 1234 1771 domist,
1269 1722 1365 1771 quin

703 1789 915 1839 prduocas,

28 1878 32 1880 >
96 1848 151 1890 Vt
175 1852 218 1890 id
244 1865 354 1903 agam
381 1852 490 1904 quod
513 1855 657 1891 missus
684 1854 763 1892 huc
787 1866 895 1903 sum,
923 1852 1122 1904 quidquid
1141 1857 1204 1890 est
1219 1853 1366 1891 nomen

702 1919 807 1958 tibi?

94 1985 170 2026 PS.
203 1985 247 2024 Si
262 1986 371 2024 intus
388 1990 512 2034 esset,
530 1986 764 2024 euocarem:
794 1984 936 2023 uerum
954 1985 987 2023 si
1004 1983 1101 2023 dare
1120 1985 1180 2022 uis
1197 1983 1310 2033 mihi,

95 2051 227 2102 Magis
254 2050 428 2090 solutum
455 2053 536 2089 erit
561 2064 678 2102 quam
698 2052 733 2089 si
748 2051 827 2102 ipsi
844 2049 1020 2089 dederis.
1067 2049 1155 2088 HA.
1187 2049 1242 2086 At
1259 2049 1366 2086 enim
1408 2060 1411 2063 ·

704 2119 789 2155 scin
807 2116 904 2168 quid
921 2116 1014 2154 est‘.l
1300 2118 1365 2153 641

94 2182 286 2222 Reddere
312 2183 410 2233 hoc,
441 2195 524 2221 non
548 2182 748 2234 perdere,
780 2195 873 2221 erus
891 2195 954 2220 me
971 2182 1111 2220 m1'ssit.
1143 2193 1233 2218 nam
1251 2179 1365 2217 certd

703 2260 785 2286 scio
