1511 2502
125 121 208 162 316
606 121 916 162 PLAV'l'I
1143 133 1397 169 1111279—98

127 235 239 272 Bene
267 238 309 273 te
336 235 474 288 potius
504 233 644 273 dicere
676 238 888 284 aequomst
918 235 1072 275 hdmini
1112 238 1238 277 amico
1278 241 1395 290 quim

730 299 846 340 male.

131 366 208 406 SV.
246 366 361 404 Szitin
390 368 501 405 iuter
526 365 641 405 labra
669 369 791 417 a'tque
822 366 957 406 dentis
985 366 1108 407 latuit
1135 370 1200 408 uir
1228 371 1396 409 minumi

717 431 856 482 preti?
1323 440 1392 475 925

128 496 213 534 CH.
245 496 307 534 Ne
322 495 428 534 male
442 495 615 547 loquere
632 497 791 547 apsenti
809 497 947 535 amico.
983 497 1061 537 SV.
1085 498 1192 548 Quid
1206 498 1278 538 ille
1294 512 1392 551 ergo

718 563 1012 613 ignauissumus

126 627 329 666 Latitabat
353 627 482 666 mihi?
527 627 612 666 CH.
645 627 689 665 Si
714 628 984 679 appellasses,
1014 629 1298 681 respondisset
1320 632 1392 669 nd-

730 706 838 731 mim.

125 758 198 796 Se't
221 759 291 796 ubi
313 757 474 808 ipsest?
519 756 597 796 SV.
627 756 705 794 Pol
725 756 839 795 illum
855 756 1007 808 reliqui
1024 758 1074 797 ad
1088 759 1333 799 thdamam
1349 762 1391 800 in

731 822 932 874 Cecropia
946 822 1090 861 insula.

125 889 212 929 CII·
354 887 374 910 *
515 888 535 909 *
676 887 696 909 *
842 886 862 909 *
998 886 1018 908 *
1156 888 1176 910 *
1311 889 1331 912 *

125 954 203 1004 Qui
236 955 398 992 homost
420 966 485 992 me
509 954 771 1005 insipientior
803 954 870 1003 qui
904 953 992 1004 ipse
1026 953 1187 1004 e'gomet
1218 955 1287 993 ubi
1316 956 1389 994 sim

726 1019 951 1069 quae'ritem
962 1019 981 1056 ‘3

123 1086 197 1125 Set
217 1085 276 1124 nil
293 1083 553 1123 disconducit
567 1085 662 1122 huic
678 1085 752 1122 rei.
787 1082 883 1134 quid
899 1083 985 1121 ais‘.z
1016 1083 1207 1135 quidhoc
1224 1085 1334 1137 quod
1347 1087 1390 1125 te

718 1161 817 1199 rogo
828 1149 848 1186 ‘3
1322 1156 1390 1191 930

122 1217 231 1266 Quds
246 1215 362 1256 locos
379 1216 528 1255 adisti?
570 1216 649 1255 SV.
680 1215 856 1253 Nimium
872 1215 1095 1254 mirimodis
1111 1215 1321 1269 mirabilis.

122 1283 207 1322 CII.
240 1282 376 1320 Lubet
392 1280 548 1331 audire,
565 1281 641 1318 nisi
657 1280 924 1319 molestumst.
972 1281 1050 1321 SV.
1083 1281 1188 1330 Quin
1205 1281 1386 1334 discupio

721 1345 873 1385 dicere.

123 1400 311 1450 Omnium
335 1412 509 1463 primum
533 1412 574 1449 in
592 1411 767 1449 Pdntum
784 1410 946 1449 aduecti
963 1409 1013 1449 ad
1029 1398 1219 1449 Arabiam
1234 1413 1386 1449 terrum

717 1490 864 1516 sumus.

121 1543 206 1582 CH.
236 1542 341 1591 Eho,

120 1597 183 1646 An
208 1608 329 1646 etiam
344 1607 387 1644 in
402 1607 533 1645 Ponto
552 1595 771 1646 Arabiast?
815 1607 893 1646 SV.
924 1607 1021 1645 Est:
1052 1609 1133 1645 ndn
1147 1605 1218 1645 illa
1232 1607 1302 1646 ubi
1321 1611 1385 1645 tus

714 1673 904 1722 gignitur,

119 1736 191 1775 Set
204 1737 274 1774 ubi
290 1736 537 1788 apsinthium
552 1737 601 1774 fit
616 1749 659 1773 ac
678 1735 810 1773 cunila
827 1734 1063 1786 gallinacea.
1316 1740 1383 1776 935

118 1802 203 1841 CH.
235 1802 408 1840 Nimium
433 1803 668 1854 graphicum
696 1802 803 1839 hunc
826 1803 1079 1852 nugatorem.
1110 1803 1174 1841 se't
1196 1814 1271 1853 ego
1297 1815 1383 1840 sum

714 1869 989 1919 insipientior,

117 1935 195 1984 Qui
222 1935 384 1985 egomet
408 1933 517 1972 unde
534 1932 698 1972 redeam
714 1934 821 1971 hunc
838 1935 1026 1984 rogitem,
1048 1946 1150 1985 quae
1168 1933 1242 1984 ego
1259 1933 1382 1972 sciam

716 2003 836 2049 atque
852 1999 919 2036 hic
935 1999 1110 2037 nesciat:

115 2065 203 2104 Nisi
219 2065 313 2116 quia
326 2063 442 2103 lubet
458 2064 635 2116 experiri
655 2076 732 2115 quo
751 2064 964 2102 euasurust
981 2063 1171 2115 denique.

115 2130 189 2169 Set
227 2129 326 2182 quid
363 2130 451 2168 ais?
494 2142 572 2181 quo
601 2128 698 2167 inde
729 2130 796 2167 isti
825 2129 980 2180 porro?
1023 2129 1102 2168 SV.
1134 2128 1178 2167 Si
1206 2128 1380 2167 &nimum

717 2193 924 2244 aduortes,
941 2193 1130 2246 eloquar:

114 2249 178 2301 Ad
195 2265 315 2313 caput
333 2261 459 2299 amnis
477 2261 545 2313 qui
561 2259 612 2299 de
629 2257 743 2299 caelo
760 2260 942 2298 exdritur
958 2260 1030 2297 sub
1048 2257 1149 2296 solid
1161 2257 1283 2319 Iouis.
1313 2261 1380 2297 940
