1511 2502
90 104 327 141 v239—64
500 95 957 136 CVRCVLIO.
1284 98 1368 139 153

202 209 258 249 Vt
274 210 445 260 aequom
462 208 611 258 fuerat,
629 206 716 246 silio
735 238 742 246 .
762 238 768 246 .
801 207 880 247 PL.
902 208 983 246 Pro
1002 210 1196 261 [lippiter.

204 274 293 314 TH.
326 275 379 312 Et
396 275 464 312 isti
479 285 542 311 me
560 272 757 311 heredem
774 274 888 312 fecit.
927 274 1005 313 PL.
1029 275 1096 327 [Ο]
1114 277 1244 327 pietais
1261 289 1363 326 mea,

204 339 332 379 Serua
347 351 425 389 mc,
444 337 604 390 quando
622 350 697 389 ego
714 339 757 377 te
773 340 933 378 seruaui
952 339 1108 379 sedulo.
1296 347 1364 381 640

201 406 349 444 Frater
366 405 433 453 mi,
451 404 575 443 salue.
609 404 698 442 TH.
723 405 801 453 Qui
817 417 891 456 ego
908 406 1013 444 istuc
1031 405 1222 445 credam?
1245 406 1362 458 cedo,

204 471 246 509 Si
262 471 359 508 uera
377 482 590 520 memoras,
609 471 713 521 quae
727 470 806 509 fuit
822 472 953 510 mater
969 472 1067 510 tua?

199 537 276 575 PL.
306 535 514 576 Cleobnla.
545 536 635 577 TH.
657 536 802 575 Nutrix
830 539 933 588 quae'
959 537 1067 576 fuit?
1104 538 1182 577 PL.
1204 539 1363 577 Arche-

696 608 833 642 strata.

197 669 255 707 Ea
271 670 335 707 me',
352 674 577 721 spectatum
594 669 745 708 tuilerat
762 682 837 721 per
855 670 1049 708 Dioni'nsia

335 746 353 761 ’κ
470 744 488 763 ss
606 745 622 761 »ι
742 745 757 762 ³<
876 743 894 763 *
1010 743 1030 764 *
1292 741 1359 776 645

198 800 419 851 Postquam
437 799 505 838 illo
520 805 741 849 uentumst‚
766 800 841 837 iam
859 804 903 837 ut
919 811 982 837 me
1001 799 1302 851 conlocauerat,

198 865 392 903 Exoritur
409 871 554 904 uentus
571 866 713 904 t1‘1rbo:
745 863 948 916 spectacla
964 865 1020 902 1'bi
1037 870 1181 902 ruont:

198 930 283 980 Ego
300 931 568 981 pertimesco:
599 934 683 968 tum
699 931 754 967 ibi
777 930 917 968 nescio
936 930 1025 980 quis
1042 942 1106 968 me
1124 930 1269 981 zirripit

198 994 399 1033 Timidam
417 998 538 1047 zitque
553 994 754 1048 pauidam,
770 996 847 1034 ne'c
863 996 994 1033 uiuam
1012 1008 1089 1034 nec
1105 998 1325 1034 mortuam:

198 1060 283 1099 Nec
301 1062 379 1111 qud
397 1073 460 1099 me
477 1066 595 1112 pacto
614 1059 833 1114 apsti‘llerit
848 1074 1011 1112 possum
1029 1060 1182 1100 dicere.
1291 1067 1359 1101 650

202 1127 290 1165 TH.
321 1127 492 1166 Memini
509 1130 638 1166 istanc
655 1129 814 1166 turbam
834 1128 950 1165 fieri:
981 1132 1044 1166 set
1061 1133 1103 1166 tu
1122 1127 1187 1166 dic
1203 1128 1316 1178 mihi,

197 1193 277 1232 Vbi
293 1194 327 1232 is
346 1195 408 1232 est
425 1195 558 1245 homo,
578 1195 645 1246 qui
662 1195 705 1232 te
721 1194 963 1246 subrupuit‘?
1007 1194 1087 1232 PL.
1115 1194 1284 1232 Nescio:

198 1258 353 1297 Verum
368 1259 476 1298 h1'1nc
493 1261 655 1298 seruaui
671 1261 833 1311 semper
850 1272 1007 1298 mecum
1025 1273 1103 1297 una
1121 1258 1297 1309 zinulum,

199 1323 298 1361 Cum
318 1324 396 1362 hoc
414 1324 508 1362 olim
524 1327 642 1376 perii.
691 1326 782 1363 TH.
813 1325 926 1364 Ce'do
943 1329 988 1363 ut
1004 1326 1226 1377 inspiciam.
1270 1324 1354 1365 CV.

692 1390 850 1428 Sainane
867 1403 924 1439 es,

200 1455 310 1503 Quae
341 1455 409 1492 isti
438 1455 652 1493 conmittas
664 1456 684 1493 ’.ἲ
732 1456 809 1494 PL.
843 1456 937 1494 Sine
969 1456 1100 1496 modo.
1149 1457 1237 1496 TH.
1274 1457 1356 1495 Pro

687 1522 892 1573 hippiter:
1288 1529 1355 1562 655

196 1586 275 1623 Hic
293 1587 355 1624 e'st
373 1598 490 1637 quem
507 1587 583 1624 tibi
602 1599 675 1637 ego
694 1588 804 1625 missi
820 1586 945 1626 natali
962 1587 1049 1626 die:

199 1651 299 1689 Tam
320 1650 440 1689 faicile
460 1652 555 1689 noui
573 1654 689 1702 qudm
705 1665 780 1692 me.
815 1653 940 1705 salue,
957 1655 1045 1691 mea
1063 1667 1191 1692 soror.

193 1716 272 1755 PL.
305 1716 453 1755 Frater
470 1718 536 1767 mi,
554 1716 678 1756 salue.
717 1719 802 1758 PH.
826 1718 936 1758 Deos
952 1719 1045 1758 uolo
1064 1721 1169 1758 bene
1186 1723 1353 1759 udrtere

196 1782 314 1820 lstzim
331 1794 418 1820 rem
434 1783 561 1822 uobis.
596 1784 678 1823 CV.
700 1774 752 1822 Et
769 1797 843 1835 ego
860 1786 976 1823 nobis
995 1787 1198 1824 omnibus:

196 1846 260 1884 Tu
276 1851 320 1885 ut
338 1846 461 1886 hodie
477 1847 698 1888 adueniens
716 1851 855 1888 cenam
872 1850 944 1889 des
962 1853 1177 1890 sordriam:
1285 1859 1352 1893 660

194 1913 273 1951 Hic
291 1912 514 1964 niiptialem
532 1916 619 1953 crzis
637 1915 768 1954 dabit:
798 1918 1082 1968 promittimus

194 1977 279 2018 PH.
317 1978 427 2017 Tace
452 1980 507 2018 tui.
555 1981 637 2021 CV.
676 1982 766 2020 Non
791 1988 929 2033 taceo,
962 1983 1120 2034 quando
1141 1997 1208 2023 res
1225 1988 1350 2023 uortft

682 2049 800 2086 bene.

195 2108 259 2147 Tu
274 2110 404 2148 istaeinc
421 2109 630 2162 desponde
647 2113 754 2162 huic‚
771 2114 906 2153 miles:
939 2127 1013 2165 ego
1032 2113 1168 2153 dotem
1185 2115 1301 2155 dabo.

195 2174 286 2216 TH.
321 2176 426 2226 Quid
452 2176 588 2215 dotis?
629 2179 712 2218 CV.
734 2180 875 2230 Egone
889 2181 908 2217 ’Ξ
939 2185 982 2218 ut
999 2181 1161 2232 semper
1180 2180 1271 2219 dum
1289 2182 1348 2219 ui-

685 2247 751 2283 uzit
770 2258 832 2284 me
850 2244 942 2284 alat.
