1511 2502
95 162 182 196 1114
206 162 355 196 43—60
540 151 569 190 C
601 152 633 189 Α
662 151 689 190 Ρ
720 151 748 189 Τ
779 151 794 189 Ι
827 151 855 189 V
885 150 914 189 1.
1307 148 1359 190 91

151 257 302 295 seruos
319 268 362 294 es
374 284 385 306 ,
410 254 519 293 libe'r
534 255 671 292 suisti:
697 259 740 292 et
755 255 830 305 ego
847 267 911 293 me
928 255 1086 293 confidd
1104 256 1209 307 fore,
1294 260 1360 296 575

150 323 193 361 Si
211 323 329 361 luiius
348 322 427 360 huc
442 319 733 359 recdnciliasso
750 322 792 358 in
806 319 1042 359 libertatem
1056 320 1199 360 fssium.

150 388 234 427 Au.
266 386 372 436 Quid
397 387 475 436 ais,
500 386 703 424 furcifer?
732 390 805 423 tun
826 390 961 424 natum
986 387 1029 425 te
1053 398 1144 425 esse
1159 399 1360 426 memoras

700 450 909 490 liberum?

148 517 237 556 ΤΥ.
267 516 358 554 Νόιι
375 514 565 566 equidem
584 529 648 555 me
664 517 879 567 Liberum,
896 522 960 555 set
976 518 1250 557 Philocratem
1267 529 1359 555 esse

701 582 776 620 aid.
833 582 916 621 AR.
949 583 1055 631 Quid
1072 583 1164 621 est?

151 637 203 686 Vt
224 645 446 698 scelestus,
472 647 604 698 Hegio
619 676 629 696 ‚
657 659 763 684 nunc
783 648 859 684 iste
885 645 961 697 [te]
981 645 1099 685 ludds
1118 647 1230 685 facit.

147 716 249 754 Nzim
276 716 311 752 is
337 718 399 753 est
425 727 567 753 seruos
592 716 678 766 ipse
704 726 838 765 neque
862 715 1029 765 praete'r
1055 727 1098 752 se
1114 727 1302 765 umquam
1320 714 1358 751 ei

703 782 845 818 seruds
861 780 951 819 fuit.
1291 784 1360 819 580

148 849 239 888 TY.
271 850 372 898 Quia
396 853 483 886 tute
509 849 599 900 ipse
625 848 720 898 eges
746 848 788 885 in
812 847 945 899 patria
970 847 1047 885 ne‘c
1069 847 1142 884 tibi
1160 848 1228 897 qui
1245 848 1357 885 uiuzis

705 913 865 960 domist,

151 970 292 1019 &mnis
306 981 483 1019 inueniri
501 980 643 1019 similis
658 979 716 1018 tui
732 981 814 1017 uis:
839 992 920 1017 non
937 980 1082 1017 minim
1102 979 1222 1017 facis:

149 1036 224 1084 Est
247 1047 487 1084 miserorum
499 1075 510 1097 ‚
533 1050 579 1084 ut
595 1043 892 1083 mzileuolentes
909 1046 989 1082 sint
1010 1049 1129 1095 atque
1146 1042 1358 1081 inuidecfmt

700 1110 830 1147 bonis.

147 1177 230 1215 AR.
261 1176 419 1227 Hegio,
446 1176 541 1214 uide
567 1178 621 1214 sis
645 1175 797 1226 nequid
825 1180 869 1213 tu
894 1176 988 1213 huic
1013 1175 1169 1212 te'mere
1193 1175 1356 1212 insistas

701 1241 894 1280 credere:

149 1297 284 1359 Atque
321 1311 366 1345 ut
403 1307 631 1358 perspici6‚
670 1306 859 1358 profecto
899 1307 976 1344 idm
1015 1304 1170 1356 aliquid
1198 1303 1357 1356 pugnae

700 1370 836 1409 dedit:
1289 1374 1358 1407 585

146 1437 298 1477 Fssium
314 1442 425 1476 tuum
442 1436 550 1488 qudd
568 1436 774 1475 redimere
792 1449 835 1475 se
855 1436 921 1486 ait,
937 1434 980 1474 id
996 1447 1047 1473 ne
1063 1435 1241 1485 utiquam
1258 1434 1357 1471 mihi

697 1500 847 1553 placet.

147 1569 237 1607 ΤΥ.
269 1568 360 1606 Scio
387 1573 428 1606 te
454 1567 496 1606 id
512 1567 623 1606 nolle
639 1568 757 1606 fieri:
789 1568 968 1606 ecficiam
986 1569 1120 1604 tdmen
1143 1577 1218 1616 ego
1234 1564 1299 1614 id,
1322 1566 1354 1602 si

702 1633 742 1671 di
760 1633 962 1672 adiuuant.

146 1691 263 1738 1⁷]lum
291 1700 503 1738 restituam
529 1699 644 1748 huic,
673 1699 740 1736 hic
767 1702 900 1736 autem
924 1698 967 1735 in
989 1685 1152 1734 Alidem
1176 1708 1240 1734 me
1265 1694 1355 1734 m⁴eo

699 1764 827 1813 patri:
1230 1808 1233 1810 -

148 1829 376 1881 Prsipterea
387 1827 710 1879 adpatremhinc
725 1828 838 1865 amisi
850 1825 1097 1877 Tyndarum.
1141 1825 1224 1862 AR.
1250 1824 1354 1872 Quin

699 1892 788 1929 nite
806 1893 839 1929 is
857 1904 920 1929 es:

146 1958 290 2009 Neque
330 1962 498 2010 praeter
538 1963 579 1996 te
608 1959 650 1996 in
683 1946 804 1996 Alide
843 1956 950 1995 ullus
979 1955 1120 1993 se'ruos
1152 1955 1254 1991 istoc
1282 1954 1356 1990 116-

701 2023 861 2060 minest.
1287 2022 1356 2058 590

148 2090 238 2128 TY.
268 2089 418 2139 Pergin
443 2101 604 2127 seruom
629 2101 693 2127 me
716 2089 965 2140 exprobrare
982 2099 1096 2137 esse,
1129 2084 1170 2123 id
1188 2084 1297 2137 quod
1315 2086 1356 2122 ui

699 2152 840 2191 hostili
858 2151 1034 2204 dptigit?

154 2219 231 2258 AR.
260 2206 379 2256 ffinim
402 2218 480 2256 iam
504 2230 665 2269 nequeo
684 2217 901 2255 cdntineri.
958 2216 1045 2253 TY.
1076 2215 1211 2264 Heus,
1237 2212 1358 2251 audin

700 2280 798 2332 quid
818 2281 873 2318 ait
887 2280 907 2317 ‘3
923 2282 1017 2330 quin
1033 2278 1170 2328 fugis?
