1511 2502
79 125 374 203 i1u616—717
456 155 979 196 BACCHIDES.
1303 157 1355 198 93

190 270 419 311 Minitare?
458 270 542 310 CH.
574 269 728 308 Nosces
747 270 791 308 t1'1
810 267 926 308 illum
943 272 1121 307 actutum
1139 268 1269 321 qualis
1287 271 1354 310 sit.

190 337 307 376 Nunc
325 337 396 375 has
414 335 586 374 tabellas
605 335 717 374 ferre
735 347 798 373 me
815 336 934 373 iussit
949 335 1045 373 tibi:

193 402 346 441 Orabat
364 400 471 453 quod
487 402 580 440 istic
601 402 710 440 esset
727 401 925 453 scriptum
941 405 987 438 ut
1002 400 1138 439 fieret.

193 468 258 507 Nl.
293 467 418 507 Cedo.
463 468 549 507 CH.
580 467 713 506 Nosce
740 468 910 518 signum.
955 467 1020 505 NI.
1049 466 1167 506 Noui.
1197 468 1267 506 ubi
1292 469 1355 520 ip-

684 534 799 572 sest?
846 533 932 572 CH.
963 533 1123 573 Nescio.

189 599 258 639 Nil
274 601 353 639 iam
367 612 431 638 me
450 603 615 652 oportet
633 601 759 638 scire:
792 598 943 638 oblitus
961 612 1048 638 sum
1066 600 1210 639 omnia.
1286 605 1353 640 790

191 666 283 705 Scio
301 667 365 705 me
383 677 474 703 esse
492 677 673 703 seruom:
704 665 843 703 ne'scio
862 666 984 703 etiam
1000 664 1044 703 id
1062 665 1170 716 quod
1185 667 1282 704 scio.

189 731 304 771 Nunc
321 733 368 770 ab
385 735 608 770 transenna
624 732 690 770 hic
706 730 852 769 turdus
866 731 1108 769 lumbricum
1125 733 1251 784 petit:

189 797 396 836 Pende'bit
411 796 535 836 hodie
551 796 711 849 pulcre,
728 798 784 834 ita
799 795 961 835 intendi
978 801 1109 835 tenus.

189 863 254 903 NI.
277 861 500 901 Manedum
517 875 756 914 parumper:
778 863 857 900 iam
874 863 973 900 e'xeo
992 861 1042 899 ad
1058 867 1114 912 te,
1132 862 1347 902 Chrusale.

189 930 275 968 GH.
308 929 362 968 Vt
382 929 509 967 uerba
528 929 628 966 mihi
644 928 733 965 dat:
768 929 810 965 {it
827 928 966 965 nescio
985 940 1102 977 quam
1118 930 1206 967 re'm
1222 935 1350 981 gerat.

189 996 340 1034 Seruos
360 995 531 1033 arcessit
550 997 673 1044 intus,
692 994 759 1044 qui
776 1006 839 1031 me
856 994 1044 1031 uinciant.
1282 1001 1350 1035 796

187 1063 299 1101 Bene
317 1060 430 1101 nauis
448 1062 637 1112 agitatur,
654 1059 800 1112 pulcre
820 1061 921 1099 haec
940 1060 1154 1099 confertur
1169 1063 1281 1102 ratis.

188 1130 260 1169 Set
278 1130 558 1168 conticiscam:
589 1141 680 1166 nam
695 1127 814 1166 audio
833 1128 986 1179 aperiri
1001 1128 1115 1167 foris.

186 1195 250 1236 NI.
284 1195 529 1246 Constringe
547 1199 592 1233 tu
608 1193 709 1244 illic,
729 1182 909 1244 Artam09
928 1194 1107 1232 actutum
1123 1207 1276 1232 manus.

186 1261 273 1301 CH.
298 1260 405 1311 Quid
420 1261 531 1300 feci?
561 1261 626 1301 NI.
648 1260 818 1312 Inpinge
835 1261 1028 1312 pugnum7
1050 1261 1084 1298 si
1100 1260 1343 1300 muttiuerit.

187 1326 295 1377 Quid
311 1327 388 1365 hae
403 1326 593 1365 locuntur
612 1325 792 1364 literae?
837 1326 922 1364 CH.
955 1324 1062 1374 Quid
1080 1326 1144 1363 me
1160 1338 1278 1376 rogas
1291 1325 1311 1362 ‘3

184 1392 241 1432 Vt
257 1393 304 1430 ab
323 1391 392 1429 illo
411 1392 564 1442 accepi,
582 1390 633 1428 ad
650 1395 691 1428 te
708 1391 937 1442 dpsignatas
956 1388 1086 1428 attuli.
1281 1396 1350 1430 802

186 1458 251 1497 M.
283 1458 372 1495 Eho
389 1457 447 1507 tu,
466 1455 647 1508 [scelus7]
665 1455 944 1506 loquitatusne
963 1468 1006 1494 es
1023 1457 1144 1506 gnato
1162 1468 1251 1494 meo

186 1522 296 1562 Male
314 1522 389 1574 per
405 1534 650 1572 sermonem,
670 1524 762 1571 quia
777 1522 831 1558 mi
846 1521 890 1559 id
905 1534 1044 1559 aurum
1060 1520 1258 1572 reddidit,

184 1589 238 1626 Et
254 1589 295 1626 te
313 1587 452 1626 dixisti
468 1587 510 1626 id
527 1589 667 1626 aurum
683 1586 913 1626 ablaturum
928 1591 1065 1626 tamen
1278 1593 1347 1627 805

184 1654 266 1692 Per
284 1653 621 1705 siicophantiam‘?
652 1653 737 1692 CH.
765 1643 906 1703 Egone
925 1652 1007 1692 dixi
1023 1653 1159 1692 istuc?
1189 1654 1252 1692 NI.
1275 1654 1345 1693 Ita.

185 1719 270 1758 CH.
304 1719 401 1769 Quis
429 1720 590 1758 homo'st
620 1720 688 1771 qui
713 1719 822 1758 dicat
846 1720 911 1758 me
928 1719 1078 1758 dixisse
1099 1720 1236 1758 istuc?
1278 1720 1346 1760 NI.

680 1785 803 1824 Tace.

185 1849 331 1888 Nullus
349 1851 468 1889 homo
489 1850 609 1889 dicit:
640 1851 717 1890 hae
734 1849 914 1890 tabellae
931 1855 972 1889 te
991 1854 1177 1902 arguunt,

184 1915 291 1964 Quas
310 1919 355 1953 tu
373 1914 567 1953 attulisti:
599 1928 664 1966 en,
681 1916 758 1954 hae
777 1920 819 1954 te
836 1916 984 1954 uinciri
999 1917 1154 1954 iubent.

184 1981 270 2020 CH.
304 1981 382 2030 Ah,
399 1979 769 2033 Bellerophontem
783 1983 875 2021 tuus
893 1994 957 2020 me
973 1982 1075 2020 fecit
1091 1981 1226 2021 fflius:
1277 1988 1347 2023 810

182 2046 355 2097 Egomet
373 2046 543 2085 tabellas
560 2047 681 2086 tetuli
696 2052 740 2086 ut
757 2048 959 2086 uincirer:
991 2048 1090 2086 sine.

184 2112 249 2151 NI.
283 2113 513 2165 Propterea
528 2113 607 2152 hoc
623 2114 744 2166 facio,
759 2120 804 2153 ut
820 2114 990 2153 suadeas
1008 2116 1128 2166 gnato‘
1144 2127 1235 2153 meo

183 2179 239 2218 Vt
256 2181 553 2232 pergraecetur
569 2182 718 2232 tecum,
734 2182 1000 2221 teruene'fice.

186 2244 272 2284 CH.
303 2245 336 2283 Ο
355 2244 497 2295 stulte,
516 2244 657 2296 stulte,
673 2248 807 2286 nescis
825 2261 932 2286 nunc
948 2250 1093 2286 uenire
1109 2251 1172 2285 te:

182 2308 318 2360 Atque
335 2311 375 2348 1¹11
393 2323 516 2363 eopse
533 2310 799 2364 astaslztpffle,
815 2317 1019 2364 utpraeco
1032 2310 1255 2364 praedicat.
1275 2315 1344 2350 815
