1511 2502
115 142 446 179 1ss188—V16
569 131 927 172 RVDENS.
1303 130 1384 171 261

169 246 343 285 censeo.
386 246 465 286 PL.
498 246 572 283 Dic
591 245 703 296 e'rgo,
720 243 860 294 quanti
880 242 1056 281 censes?
1096 242 1181 282 TR.
1211 243 1384 294 Egone?

721 319 882 346 censeo.

167 378 248 419 PL.
281 365 433 416 Adsum
464 373 675 427 equidem,
705 386 758 411 ne
788 373 1023 411 censionem
1052 373 1216 426 se'mper
1244 373 1381 414 facias.

719 439 807 477 TR.
838 439 1015 477 Ce'nseo.

169 507 246 546 PL.
276 506 396 558 Quid,
421 507 455 544 si
471 505 660 544 curtam?
704 504 791 544 TR.
825 504 1000 542 Genseo.
1044 503 1124 543 PL.
1155 504 1220 542 An
1237 504 1295 542 sic
1309 504 1385 556 pd-

717 571 798 608 tius
813 567 1008 621 placide?
1052 568 1137 606 TR.
1171 569 1344 607 censeo.

165 638 245 678 PL.
276 627 462 678 &tiamne
488 650 576 676 eam
597 635 771 675 saltitem
787 634 1042 673 adueniens?
1087 634 1174 672 TR..
1207 634 1382 675 censeo.

719 700 799 740 PL.
829 700 964 738 Etidm
981 699 1171 750 patrem?
1294 705 1384 740 1275

169 768 255 807 TR.
287 768 460 807 censeo.
506 767 586 805 PL.
617 767 717 804 Post
743 766 828 803 eius
844 765 1045 803 matrem?
1091 764 1176 804 TR.
1209 765 1380 804 censeo.

716 831 794 870 PL.
827 830 933 880 Quid
949 831 1121 882 postea?
1165 866 1171 877 ,

166 889 353 938 Etiamne
370 898 592 937 adueniens
609 896 845 948 conplectar
867 895 953 935 eius
966 896 1156 947 patrem?
1187 895 1272 934 TR.
1292 896 1382 935 Non

720 973 881 1000 censeo.

164 1028 243 1067 PL.
284 1027 404 1078 Quid,
428 1028 629 1065 matrem?
681 1028 767 1065 TR.
806 1027 896 1065 Non
921 1027 1082 1065 censeo.
1135 1026 1214 1065 PL.
1259 1025 1381 1078 Quid,

652 1092 814 1145 eampse
831 1091 974 1130 illam?
1004 1093 1089 1131 TR.
1110 1093 1202 1131 Non
1218 1094 1378 1132 censeo.

165 1156 245 1197 PL.
275 1156 403 1207 Perii,
429 1156 625 1196 dilectam
642 1157 815 1196 dimisit:
845 1157 952 1196 minc
976 1170 1059 1196 non
1075 1161 1232 1208 censet,
1259 1159 1378 1209 quom

714 1223 822 1263 uolo.

166 1289 251 1328 TR.
276 1290 403 1329 Sanus
417 1303 498 1329 non
511 1302 576 1328 es:
597 1291 786 1341 sequere.
818 1291 898 1331 PL.
922 1291 1009 1329 Duc
1025 1303 1104 1342 me,
1120 1292 1175 1329 mi
1189 1295 1379 1343 patrone,

717 1356 794 1406 quo
811 1354 938 1393 lubet.
1290 1362 1380 1396 1280

503 1649 726 1688 LAunAx.
775 1650 977 1691 Gmpvs.

213 1750 297 1789 LA.
337 1751 435 1801 Quis
465 1752 569 1790 mest
598 1751 781 1790 mortalis
811 1754 1000 1792 miserior
1033 1755 1101 1805 qui
1130 1756 1242 1792 uiuat
1272 1754 1377 1793 alter

713 1817 851 1864 hodie,

217 1879 347 1928 Quem
384 1885 480 1932 aput
511 1882 828 1933 recuperatores
857 1882 978 1922 modo
1008 1883 1212 1922 damnauit
1241 1881 1376 1924 Plesi-

714 1946 860 2000 dippus
872 1948 892 1986 ’ἒ

213 2008 457 2048 Abitidicata
473 2024 494 2048 a
509 2012 574 2049 me
590 2011 751 2050 modost
768 2011 1000 2051 Palaestra:
1029 2012 1218 2065 perdittis
1235 2028 1334 2053 sum.

210 2075 312 2114 Nam
328 2074 499 2115 lenones
516 2090 565 2116 ex
580 2078 727 2128 ga1'1dio
745 2078 869 2117 credo
892 2079 983 2117 esse
998 2082 1260 2131 procreatos:

216 2141 275 2179 Ita
291 2142 430 2180 omnes
446 2142 656 2195 mortales,
674 2144 807 2196 siquid
823 2149 886 2184 est
899 2143 995 2183 mali
1008 2144 1164 2197 lenoni,
1182 2146 1373 2198 gaddent.

213 2205 329 2244 Nunc
355 2205 527 2247 alteram
554 2209 667 2249 illam
699 2211 801 2262 quae
830 2214 960 2248 meast
983 2211 1111 2249 uisam
1135 2212 1215 2249 hlic
1231 2212 1274 2249 in
1290 2213 1374 2250 Ve-

710 2276 823 2313 neris
839 2275 976 2313 fzinum
1283 2282 1373 2317 1286
