1511 2502
176 126 258 166 230
650 126 963 165 PLAVTI
1194 137 1444 171 111316—33

285 238 377 278 AM.
411 239 528 288 Quist
544 239 578 276 is
595 239 664 288 qui
679 237 889 275 ndminat‘?
933 237 1018 276 TR.
1047 237 1090 275 Si
1107 239 1305 289 respexis,
1319 240 1441 277 scies.

280 303 364 342 PA.
397 292 431 340 ό
455 301 597 340 salutis
620 313 735 339 meae
760 304 866 353 spes.
914 303 1000 342 TR.
1034 303 1144 340 Tace
1169 315 1213 340 ac
1229 303 1335 340 bdno
1357 303 1443 341 ani-

775 380 840 405 mo
859 379 923 405 es:

282 432 353 471 Μέ
377 432 485 472 uide.
530 432 614 471 PA.
647 431 690 470 Si
713 431 833 470 modo
858 432 900 470 id
920 431 1059 481 liceat,
1077 433 1140 469 uis
1155 444 1207 470 ne
1225 433 1439 484 dpprimat.

229 498 315 538 TR..
348 499 459 547 Quae
475 498 567 536 uis?
594 498 678 536 PA.
699 498 793 537 Vim
810 499 863 536 mi
881 498 1008 549 adigit
1023 498 1205 536 adferam
1220 499 1320 550 ipsa.
1353 499 1439 537 Tu.

749 564 813 601 Ah
831 563 994 601 desine:
1022 564 1141 602 nimis
1159 563 1342 614 inepta's.
1374 570 1435 603 681

227 630 309 667 PA.
342 629 506 667 Desiste
527 628 648 667 dictis
667 630 774 667 minc
786 631 865 667 'iam
885 642 948 667 me
964 631 1151 667 miseram
1169 628 1382 669 consolari.

225 695 321 734 AM.
352 695 441 733 Nisi
468 694 565 746 quid
587 707 634 733 re
658 694 839 746 praesidi
856 694 1048 746 adparas,
1078 693 1321 745 Trachalio,
1352 699 1440 733 acta

777 761 879 798 haec
894 761 962 798 rc's
981 765 1057 798 est.

225 826 308 865 PA.
341 826 552 865 Certi'imst
575 827 718 864 moriri
744 839 861 876 quam
877 826 986 863 luinc
1001 826 1086 877 pati
1103 825 1308 878 [grassari]
1323 825 1442 865 leno-

766 902 860 928 nem
878 892 919 928 in
934 902 1010 929 me.

226 955 300 994 Set
316 954 509 994 miiliebri
526 957 657 993 animo
676 957 761 993 siim
779 959 936 992 tament
965 956 1140 994 miserae
1155 955 1289 1007 [quom
1309 957 1439 1008 uenit]

775 1022 817 1058 in
833 1020 1011 1058 me'ntem
1372 1027 1439 1062 685

225 1087 331 1125 Mihi
361 1086 518 1135 mdrtis,
548 1090 680 1123 metus
714 1086 896 1123 membra
926 1087 1107 1137 decupat.
1160 1086 1246 1126 TR.
1275 1085 1436 1138 Edepdl

775 1150 1048 1201 [quamquam]
1065 1152 1143 1189 hoc
1160 1152 1403 1203 acdrbumst,

224 1216 379 1254 Bonum
397 1215 569 1254 animum
586 1216 747 1254 habete.
792 1214 874 1253 PA.
905 1214 1006 1252 Nam
1025 1217 1195 1266 (ipsecro
1212 1216 1320 1254 unde
1338 1216 1439 1266 [ani-

781 1280 869 1317 m1'1s
884 1280 1029 1331 bonus]
1047 1282 1099 1318 mi
1115 1282 1322 1319 inuenitur
1332 1282 1353 1319 ‘3

227 1348 312 1387 TR.
344 1348 427 1397 Ne,
457 1347 619 1397 inquam
632 1375 643 1396 7
673 1347 835 1384 timete:
867 1344 1041 1384 adsidite
1066 1347 1132 1384 hic
1156 1347 1198 1384 in
1216 1349 1296 1385 ara.
1339 1346 1435 1386 AM.

781 1410 889 1459 Quid
906 1411 1034 1448 istaec
1051 1414 1119 1449 ara

223 1476 428 1516 Prodesse
450 1478 567 1514 nobis
595 1475 719 1527 [pluis]
738 1480 876 1527 potest
893 1489 1010 1526 quam
1027 1479 1182 1527 signum
1198 1478 1239 1514 in
1259 1477 1353 1514 fano
1369 1477 1437 1514 hic

778 1543 886 1578 intus

224 1609 414 1657 Veneris,
433 1606 541 1658 quod
557 1605 764 1658 amplexae
778 1605 913 1656 modo,
929 1605 1037 1644 unde
1054 1606 1248 1657 abre'ptae
1262 1618 1339 1658 per
1354 1607 1434 1644 uim

773 1673 947 1709 miserae
958 1671 978 1709 ‘3
1369 1677 1436 1711 690

223 1740 307 1778 TR.
340 1737 493 1777 Sedete
517 1739 583 1776 hic
608 1737 749 1775 modo:
780 1749 855 1788 ego
880 1738 976 1775 hinc
999 1738 1072 1776 uds
1097 1742 1232 1776 tamen
1256 1739 1432 1776 tutfibor.

774 1815 882 1840 aram
898 1803 1048 1841 habete
1064 1804 1168 1841 lianc
1245 1855 1248 1857 ‚

220 1871 347 1909 Vobis
364 1883 439 1921 pro
452 1869 614 1907 castris:
646 1868 804 1922 moenia
822 1867 975 1919 [haec]:
1006 1869 1101 1906 hinc
1119 1869 1194 1919 ego
1205 1881 1278 1906 uos
1290 1867 1435 1906 defen-

774 1934 883 1972 sabo.

222 1999 436 2037 Praesidio
453 1999 631 2038 Veneris
645 1998 822 2037 mantiae
839 1997 1001 2037 lendnis
1021 2003 1163 2037 contra
1177 1997 1376 2037 incedam.

220 2064 302 2102 PA.
335 2064 430 2102 Tibi
455 2062 726 2102 a1'1scultamus
751 2064 792 2100 efit
813 2063 953 2102 Venus
979 2062 1083 2102 alma
1101 2064 1240 2101 zimbae
1256 2067 1298 2101 te
1315 2074 1436 2114 opse-

771 2131 927 2166 cramus

220 2193 343 2231 Aram
369 2191 646 2244 amplexantes
673 2194 775 2231 hanc
805 2198 914 2230 tuam
944 2192 1231 2242 laci-limantes,
1263 2191 1434 2242 genibus

744 2291 746 2293 ,
764 2259 894 2306 nixae,
1365 2261 1432 2295 695
