1511 2502
35 155 299 193 1111481—99
494 144 852 185 RVDENS.
1223 143 1303 184 253

89 259 190 299 DAE.
224 260 314 299 Non
335 271 410 310 cgo
427 263 469 297 tc
486 259 743 309 conprimere
759 268 923 308 possum
941 256 1027 293 sine
1044 254 1147 293 malo
1159 255 1179 292 ⁴3
1217 256 1303 297 GR.

635 320 678 358 Si
694 321 786 358 istic
801 324 926 368 tacet,
1216 326 1302 359 1125

89 378 175 439 Ego
194 389 360 426 tacebo:
392 389 426 425 si
441 388 520 424 iste
535 384 732 436 loquitur,
750 386 837 422 sine
853 396 917 422 me
934 397 1008 435 pro
1021 396 1067 422 re
1077 383 1166 423 mea
1178 385 1302 435 loqui.

87 453 188 492 DAE.
224 452 336 492 Gedo
354 451 440 503 [sis]
460 450 579 489 modo
597 451 649 488 mi
667 448 848 488 nidulum
864 450 1008 500 istum,
1031 448 1172 501 Gripe.
1217 449 1301 488 GR.

634 513 890 553 Concredaim
906 515 1003 552 tibi:

85 571 139 621 Ᾰί
156 584 189 620 si
205 583 376 621 istorum
393 581 449 619 nss
466 582 532 631 sit,
546 581 643 618 mihi
662 581 722 618 uti
738 579 899 619 reddas.
941 580 1041 620 DAE.
1072 580 1301 620 Reddetur-

635 645 718 683 GR.
752 645 882 684 Tene.

81 712 182 750 DAE.
213 711 321 751 Aridi
345 724 452 750 nunc
472 713 566 762 iam,
588 709 801 749 Palaestra
818 715 940 762 atque
958 700 1206 764 Ampelisca,
1223 713 1300 751 hoc

631 775 740 827 quod
753 775 922 827 loquor:

84 832 210 881 Estne
250 843 317 880 hic
356 840 530 891 nidulus,
563 842 629 879 1'1bi
661 840 864 879 cistellam
893 843 1004 880 tuam
1032 843 1168 881 inesse
1200 842 1298 895 [hic]

646 906 783 944 aibat?
826 906 910 945 ΡΑ.
944 907 981 945 Is
1000 911 1075 945 est.
1215 914 1301 948 1130

86 975 172 1014 GR.
213 974 326 1012 Perii
355 974 479 1011 miser
510 984 585 1024 ego
615 972 778 1010 hercle:
815 977 861 1010 ut
887 974 1000 1024 prius
1032 986 1149 1024 quam
1177 972 1300 1025 plane

630 1038 787 1089 aspexit
800 1036 893 1076 ssico
941 1028 944 1030 ’

80 1094 182 1143 Eum
198 1117 289 1144 esse
306 1104 418 1143 dixit.
449 1103 530 1142 PA.
557 1103 720 1141 Faciam
737 1115 812 1153 ego
830 1104 934 1142 hanc
950 1116 1038 1142 rem
1058 1103 1233 1156 [planam
1250 1118 1297 1144 ex

623 1168 822 1220 procliua]
841 1169 929 1208 tibi.

84 1235 294 1274 Cistellam
310 1237 379 1274 isti
395 1236 530 1274 inesse
549 1239 715 1287 oportet
731 1233 923 1273 caudeam
943 1236 986 1273 in
1002 1236 1081 1274 isto
1100 1236 1260 1275 nidulo:

79 1291 140 1339 lbi
157 1313 232 1352 ego
251 1301 382 1339 dicam
401 1300 601 1352 quidquid
615 1301 742 1338 inerit
757 1301 1013 1339 nominatim:
1043 1304 1089 1341 tu
1105 1303 1204 1341 milii

78 1365 258 1404 Nihilum
274 1365 517 1405 ostenderis.
542 1366 575 1404 si
592 1364 693 1404 falsa
704 1365 847 1417 dicam,
864 1368 1017 1406 frustra
1029 1367 1189 1408 dixero:
1208 1375 1296 1410 1135

78 1431 162 1471 Vos
179 1436 263 1470 tum
278 1433 394 1470 uobis
411 1433 537 1470 istaec
555 1431 754 1483 quidquid
769 1433 895 1471 inerit
910 1434 980 1472 isti
995 1435 1212 1474 habebitis.

78 1495 152 1535 set
176 1497 210 1535 si
234 1510 354 1547 uera,
386 1502 471 1535 tum
497 1498 668 1548 opsecro
702 1502 744 1534 te
778 1503 822 1535 ut
856 1500 946 1537 mea
973 1498 1027 1537 mi
1052 1498 1292 1542 reddantur.

628 1562 727 1600 ΒΔΕ.
745 1562 907 1602 Placet:

75 1626 140 1665 his
170 1639 326 1665 merum
359 1640 450 1666 oras
479 1625 570 1666 meo
602 1628 767 1679 quidem
804 1631 948 1670 animo.
1001 1631 1085 1672 GR.
1116 1633 1172 1671 At
1201 1646 1291 1672 meo

631 1693 772 1733 hercle
791 1695 1000 1745 [summam
1014 1699 1236 1751 iniuriamJ:

73 1756 204 1807 Quid,
244 1752 279 1796 si
313 1758 390 1796 ista
430 1763 498 1797 aut
537 1760 823 1811 superstitiosa
860 1767 927 1801 aut
965 1763 1132 1803 ariolast
1169 1770 1290 1816 atque

630 1827 762 1864 omnia

76 1887 285 1940 Quidquid
300 1888 399 1927 insit
415 1890 513 1928 uera
529 1889 669 1930 dicet?
697 1896 802 1932 anne
815 1894 985 1934 habebit
1002 1897 1129 1936 Ariola
1140 1898 1159 1935 ‘3
1201 1905 1290 1937 1140

73 1952 173 1992 DAE.
213 1953 302 1992 Non
331 1954 463 2006 feret,
498 1956 576 1995 nisi
606 1958 705 1996 uera
735 1957 867 1998 dicet:
906 1962 1152 2014 nequiquam
1183 1964 1289 2002 ario-

624 2022 787 2064 labitur.

74 2082 198 2122 Sdlue
223 2083 405 2123 uidulum
431 2086 527 2137 ergo
539 2115 550 2136 ‚
579 2092 624 2126 ut
641 2089 738 2140 quid
754 2091 807 2128 sit
823 2092 965 2131 uerum
981 2106 1098 2144 quam
1112 2094 1286 2146 primum

621 2166 755 2193 sclam.

73 2211 158 2251 GR.
191 2213 281 2252 Hoc
304 2214 449 2253 habet:
481 2220 544 2255 est
559 2216 748 2259 solutum.
781 2221 831 2259 ah
846 2222 974 2272 perii:
1005 2222 1126 2260 uideo
1147 2222 1284 2261 cistel-

623 2282 716 2322 lam.
764 2285 864 2325 DAE.
895 2286 1148 2325 Haecinest?
