1511 2502
111 145 405 181 112121-138
508 132 989 174 AMPHITRVO.
1329 132 1383 173 37

113 249 189 288 SO.
231 249 390 298 Quaeso
419 245 589 299 edepol,
627 258 721 284 num
747 247 791 284 t1'1
821 259 984 297 quoque
1009 249 1133 286 etiam
1157 246 1325 297 insanis,

715 323 836 360 quom
850 310 893 349 id
909 324 973 350 me
990 313 1234 362 interrogas,

113 380 191 429 Qui
216 382 326 431 ipsus
342 376 534 429 equidem
549 377 658 415 minc
673 377 849 427 primum
872 377 1002 416 istanc
1019 379 1154 416 tecum
1171 376 1378 429 conspicio

712 440 871 479 semul?

113 510 205 549 AM.
247 509 354 559 Quid
390 521 519 558 nunc,
558 506 738 546 mulier?
788 507 911 546 addin
951 507 1098 546 illum?
1166 507 1248 545 AL.
1288 507 1376 557 Ego

710 573 810 610 uero
823 601 834 622 ‚
852 586 897 611 ac
914 571 1061 610 falsum
1078 571 1230 610 dicere.
1306 576 1375 610 755

110 640 204 678 AM.
244 638 387 690 Neque
433 643 477 676 tu
521 637 583 676 illi
622 649 756 688 neque
813 637 912 674 mihi
955 637 1043 674 uiro
1085 637 1165 687 ipsi
1210 634 1375 674 eredis?

707 701 789 740 AL.
821 702 882 740 Eo
899 701 967 751 fit,
993 703 1086 752 quia
1101 701 1200 739 mihi

107 766 344 806 Plu'lrumum
355 768 479 807 eredo
491 769 533 806 et
543 769 626 807 scio
638 769 766 807 istaec
777 768 883 806 facta
894 767 1068 819 proinde
1079 771 1124 805 ut
1133 766 1371 819 proloquor.

110 833 202 871 AM.
249 833 343 872 T1'1n
376 845 440 871 me
472 834 565 871 heri
603 833 820 872 aduenisse
860 831 993 870 dicis?
1064 832 1146 870 AL.
1195 832 1289 871 Τιἰιι
1332 838 1372 870 te

712 899 844 936 abisse
860 897 984 936 hodie
1000 898 1095 936 hinc
1112 910 1236 948 negas
1247 898 1267 935 ’ἐ

110 964 204 1002 ΑΜ.
234 964 347 1014 Nego
366 965 575 1002 enimuero
603 969 645 1002 et
668 976 732 1002 me
762 963 958 1002 aduenire
983 964 1091 1002 minc
1118 965 1292 1015 primum
1311 965 1367 1003 ait

709 1028 760 1066 ad
776 1029 818 1066 te
836 1028 1008 1067 domum.

109 1093 186 1132 AL.
229 1083 435 1145 Opsecro,
470 1094 645 1132 etiamne
675 1094 753 1131 hdo
777 1094 966 1143 negabis,
1000 1098 1041 1131 te
1073 1095 1236 1132 astream
1257 1098 1372 1145 pate-

703 1161 790 1197 ram
807 1159 905 1197 mihi
1306 1165 1373 1199 760

106 1223 279 1263 Dedisse
298 1223 404 1262 dono
421 1222 566 1273 hodie,
593 1237 670 1274 qua
686 1228 728 1262 te
745 1223 809 1261 illi
827 1223 1018 1262 donatum
1036 1236 1127 1262 esse
1146 1223 1337 1262 dixeras?

107 1288 200 1327 AM.
238 1287 382 1339 Neque
406 1287 556 1341 edepol
581 1287 678 1326 dedi
703 1301 838 1340 neque
854 1288 958 1327 dixi:
984 1289 1127 1327 uerum
1143 1289 1200 1327 ita
1220 1290 1370 1327 anima-

706 1355 771 1392 t1‘1s
787 1354 846 1392 fui

103 1409 243 1470 itaque
259 1431 366 1456 nunc
383 1431 490 1469 sum,
515 1424 560 1457 ut
576 1418 625 1458 ea
641 1423 682 1457 te
697 1424 841 1471 patera
858 1418 1018 1458 donem.
1077 1424 1141 1458 set
1158 1420 1247 1471 quis
1263 1421 1369 1459 ist1'1c

702 1484 778 1522 tibi

102 1549 241 1588 Dixit?
299 1549 380 1587 AL.
418 1548 621 1600 Equidem
647 1561 721 1600 ego
748 1550 795 1588 ex
812 1554 853 1587 te
871 1549 1006 1588 audiui
1022 1554 1065 1589 et
1081 1551 1129 1589 ex
1144 1554 1212 1588 tua
1229 1553 1370 1604 accepi

702 1627 821 1652 manu

100 1678 299 1716 Pateram.
360 1678 455 1716 AM.
493 1678 638 1728 Mane,
671 1690 809 1728 mane,
844 1680 1015 1730 opsecro
1044 1683 1100 1717 te.
1146 1680 1266 1717 nimis
1295 1679 1368 1718 de-

648 1744 797 1793 miror,
823 1743 952 1793 Sdsia..
1298 1749 1364 1785 765

101 1809 179 1858 Qui
193 1807 317 1847 illaec
332 1807 392 1847 illi
409 1808 473 1845 me
491 1807 683 1847 donatum
699 1820 789 1846 esse
807 1810 930 1847 astrea
944 1811 1086 1860 patera
1102 1810 1216 1858 sciat,

98 1875 186 1914 Nisi
201 1880 246 1913 tu
263 1873 411 1913 dudum
426 1874 530 1911 hanc
548 1874 776 1912 conuenisti
793 1878 835 1912 et
848 1875 1066 1913 narrauisti
1082 1875 1184 1913 haec
1200 1876 1343 1914 omnia.

100 1939 177 1979 SO.
206 1940 348 1991 Neque
374 1938 525 1991 edepol
551 1951 626 1990 ego
647 1938 730 1977 dixi
745 1951 879 1990 neque
895 1939 1014 1977 istam
1030 1939 1116 1977 uidi
1130 1940 1210 1978 nisi
1227 1942 1363 1979 tecz‘xm

699 2003 838 2042 semul.

97 2067 192 2106 AM.
235 2066 341 2117 Quid
364 2068 442 2105 hoc
468 2071 531 2106 est
555 2067 761 2105 hominis?
814 2067 896 2106 AL.
938 2068 1020 2107 Vin
1044 2068 1226 2119 proferri
1248 2071 1363 2121 pate-

698 2133 814 2170 ram?
872 2132 966 2170 AM.
1008 2133 1196 2171 Proferri
1210 2131 1317 2171 uolo.

95 2195 178 2236 AL.
222 2195 328 2236 Fiat.
358 2197 372 2234 i
401 2200 469 2247 tu,
500 2195 723 2245 Thessala,
752 2197 863 2235 intus
882 2198 1068 2250 pateram
1092 2197 1280 2249 proferto
1300 2196 1363 2234 fo-

699 2274 779 2307 ras,
1293 2265 1363 2302 770
