1511 2502
177 132 257 173 100
657 130 966 171 PLAVTI
1187 143 1447 178 1111917—34

175 245 278 282 'l‘um
304 256 405 296 quae
429 244 496 283 hic
520 248 614 283 sunt
639 245 817 296 scriptae
833 243 1005 295 literae,
1031 245 1110 284 hoc
1127 246 1265 284 insunt
1280 246 1322 283 in
1339 258 1444 297 equo

779 307 932 347 milites

173 374 328 412 Armati
353 379 474 426 atque
501 374 664 412 animati
687 374 829 426 probe.
861 374 918 419 ita
941 374 1008 412 res
1032 375 1229 413 successit
1246 380 1300 413 mi
1318 375 1444 427 (isque

779 439 920 479 adhuc.

170 507 306 558 Atque
335 508 401 547 hic
430 520 556 560 equos
587 520 669 546 non
695 507 737 545 in
762 508 920 558 arcem,
950 519 1092 546 uerum
1109 508 1151 545 in
1171 510 1304 547 arcam
1319 508 1444 547 faciet

775 575 969 625 inpetum.

167 637 345 677 Exitium
377 638 578 678 excidium
604 637 820 677 exlecebra
843 638 915 676 fiet
939 638 1006 677 hic
1037 651 1164 691 equos
1194 638 1317 677 hodie
1344 642 1440 678 auro'

770 706 891 744 senis.

167 770 318 809 Nostro
346 772 434 810 seni
457 772 551 810 huic
576 769 749 820 stolido,
787 768 823 808 ei
849 770 1039 822 profecto
1063 771 1212 809 nomen
1234 771 1340 810 facio
1366 784 1440 822 ego

772 826 861 876 I'lio.
1372 845 1438 878 945

169 902 292 942 Miles
318 903 575 955 Menelaust,
609 904 683 955 ego
710 904 979 954 Agamemno:
1019 902 1128 942 ide'm
1155 902 1272 955 [sum]
1299 903 1440 944 Vlixes

773 969 958 1008 Lartius:

167 1034 467 1073 Mnesilochust
484 1033 734 1084 Alexander,
753 1036 820 1085 qui
837 1035 917 1073 erit
935 1035 1058 1074 exitio
1071 1036 1134 1074 rei
1150 1037 1307 1087 patriae
1323 1049 1440 1075 suae:

167 1101 203 1139 Is
228 1098 431 1140 Helenam
456 1100 643 1153 abduxit,
674 1102 791 1164 quoia
817 1114 955 1140 caussa
979 1103 1087 1141 n1¹1nc
1114 1103 1219 1141 facio
1241 1102 1440 1155 opsidium

772 1165 862 1205 Ilio.

165 1230 264 1270 Nam
283 1231 345 1271 illi
361 1231 506 1272 itidem
520 1232 682 1273 Vlixem
698 1231 853 1282 audiui,
884 1238 929 1271 ut
945 1245 1019 1283 ego
1038 1246 1146 1284 sum,
1171 1233 1296 1273 fuisse
1315 1239 1357 1272 et
1373 1247 1434 1272 au-

776 1298 916 1338 dacem
934 1300 976 1338 ὀί
991 1299 1148 1339 malum.

165 1362 257 1402 Doli
285 1365 359 1415 ego
388 1364 640 1418 depraensus
665 1377 773 1404 sum:
804 1364 876 1404 ille
901 1365 1136 1404 mendicans
1151 1366 1281 1418 paene
1298 1366 1438 1404 inuen-

771 1436 837 1470 tus
855 1432 1027 1481 interiit,
1372 1436 1440 1470 950

164 1495 266 1534 Dum
297 1497 509 1547 exquaerit
538 1497 595 1535 ibi
618 1496 726 1535 facta
750 1486 930 1535 lliorum.
973 1494 1214 1535 adsimiliter
1240 1497 1293 1534 mi
1317 1494 1440 1534 hodie

771 1562 937 1612 optigit:

165 1627 339 1667 Vinctus
367 1627 482 1679 [fui],
511 1629 575 1664 set
597 1624 704 1665 dolis
726 1639 791 1664 me
813 1627 965 1664 exemi:
995 1627 1095 1664 item
1110 1625 1179 1664 ssle
1197 1637 1240 1663 se
1258 1626 1439 1663 seruauit

773 1690 892 1730 dolis.

220 1747 296 1797 flio
311 1759 392 1797 tria
407 1756 533 1797 fuisse
551 1756 687 1796 audiui
703 1757 799 1807 fata,
818 1768 920 1808 quae
935 1755 997 1795 illi
1011 1755 1129 1795 fuere
1146 1757 1290 1795 exitio:

221 1823 387 1876 Signum
414 1835 464 1862 ex
487 1835 580 1862 arce
605 1826 640 1862 si
663 1823 862 1875 perisset:
903 1821 1079 1861 alterum
1104 1826 1280 1860 autemst
1304 1819 1440 1859 Troili

775 1901 903 1927 mors:

223 1956 434 2008 Tertium,
466 1969 586 2008 quom
601 1958 745 2008 portae
761 1955 966 2006 Phrugiae
982 1954 1107 1993 limen
1124 1967 1314 2007 superum
1333 1957 1440 1993 scin·

774 2021 955 2060 deretur.
1371 2024 1438 2059 955

275 2087 396 2126 Paria
418 2088 519 2126 item
543 2088 623 2125 tria
643 2085 704 2126 eis
720 2087 852 2125 tribus
869 2090 964 2125 sunt
980 2087 1064 2125 fata
1078 2090 1221 2124 nostro
1237 2085 1332 2123 huic
1348 2074 1436 2123 ilio.

164 2152 199 2190 N
204 2166 265 2191 am
283 2152 434 2192 dudum
450 2154 581 2205 primo
598 2157 644 2191 ut
659 2151 840 2191 dixeram
856 2155 999 2191 nostro
1018 2152 1108 2191 seni
1123 2149 1377 2190 mendacium

164 2219 217 2258 Et
237 2218 289 2258 de
304 2220 468 2272 hospite
485 2219 595 2258 etde
612 2233 709 2259 auro
729 2221 771 2259 et
788 2219 839 2258 de
855 2218 1008 2269 lembo,
1032 2220 1091 2258 ibi
1107 2219 1262 2270 signum
1279 2230 1328 2257 ex
1344 2229 1438 2255 arce

773 2287 852 2324 iam
867 2284 1027 2337 apstuli.
