1511 2502
189 102 272 143 266

670 99 978 139 PLAVTI
1199 113 1485 150 v212—37·

302 224 378 263 SA.
411 222 574 273 Stiche,
603 220 699 272 quid
714 222 790 260 fit?
835 221 915 261 ST.
947 222 1082 273 Euge,
1113 222 1330 276 Sagarim,
1351 224 1459 278 lepi-

793 285 990 325 dissume:
1388 295 1457 330 660

299 353 407 391 Ferd
426 353 636 391 conuiuam
652 351 871 389 Dionusum
888 352 1068 403 mihique
1087 355 1128 391 e't
1143 354 1230 392 tibi.

300 417 483 469 Namque
501 416 647 469 edepol
665 429 764 455 cena
780 418 953 455 edctast:
982 416 1095 456 locus
1110 417 1217 456 liber
1233 417 1369 457 datust

301 484 488 535 Mihique
518 484 559 521 et
587 484 661 521 tibi
693 488 788 534 aput
816 496 899 522 uos.
941 492 1032 522 nam
1055 483 1152 536 aput
1173 497 1247 523 nos
1270 490 1334 524 est
1361 499 1457 524 con--

792 549 962 587 uiuium:

300 616 360 653 lbi
376 617 514 652 udster
532 617 650 651 cenat
667 626 755 650 cum
771 615 897 651 uxore
913 612 1014 651 adeo
1033 618 1074 651 et
1090 602 1291 665 Antipho:

302 678 457 718 Ibidem
473 679 565 716 erus
582 682 646 716 est
660 682 813 716 noster.
845 679 922 715 Ιιόο
938 679 1036 715 mihi
1054 678 1159 716 dond
1177 678 1365 718 datumst.
1389 684 1455 718 665

303 744 379 783 SA.
413 742 548 793 Quid?
579 742 846 781 sdmniastin?
898 742 978 782 ST.
1008 742 1162 782 Verum
1193 743 1350 792 [hercle
1381 756 1455 794 ego

792 807 882 846 died
899 809 987 847 tibi.

302 874 377 912 SA.
412 874 511 923 Quis
534 874 656 924 igitur
678 874 755 911 hoe
781 871 992 924 dommim]
1039 872 1118 912 ST.
1149 872 1256 923 Quid
1277 873 1320 912 id
1343 872 1393 912 ad
1414 877 1456 912 te

794 939 968 977 attinet?

301 1004 408 1045 Volo
428 1003 604 1043 eluamus
620 1003 742 1043 hodie
759 1006 977 1056 peregrina
995 1005 1136 1043 dmnia.

302 1069 537 1121 [Relinque:
568 1071 749 1109 Athenas
770 1083 876 1108 nunc
898 1070 1095 1109 colamus:
1126 1081 1301 1121 sequere
1318 1070 1410 1120 me.]

299 1135 425 1174 Proin
449 1136 495 1174 t1'1
523 1133 663 1174 lauare
692 1136 880 1187 prdpera.
935 1134 1010 1174 SA.
1041 1134 1193 1174 Lautus
1222 1147 1321 1174 sum.
1373 1133 1452 1172 ST.

792 1191 988 1252 Optume:
1388 1204 1454 1240 670

302 1267 486 1317 Sequere
512 1268 608 1317 ergo
633 1268 708 1305 hac
730 1279 794 1305 me
811 1267 941 1317 intro,
969 1266 1209 1317 [SagarineJ
1257 1265 1334 1306 SA.
1369 1266 1456 1316 Ego

790 1334 890 1370 uer6
909 1344 1071 1382 sequor.

304 1396 394 1447 [Pol
410 1398 462 1435 mi
480 1397 572 1448 hdc]
593 1396 753 1436 domum
768 1397 961 1436 redeunti
976 1399 1222 1450 principium
1238 1396 1392 1450 placet:

298 1463 410 1501 Bona
426 1464 568 1502 scae'ua
586 1468 805 1515 strenaque
822 1465 872 1502 db
889 1464 993 1502 uiam
1011 1466 1185 1502 occessit
1200 1463 1313 1502 mihi.

583 1627 1053 1665 STEPHAmlv‘M.

247 1712 401 1751 Mirum
416 1711 550 1749 uideri
565 1712 717 1750 nemini
732 1713 914 1750 uostrl'lm
930 1711 1040 1763 uolo,
1057 1714 1325 1764 spectatdres‚

247 1777 354 1828 Quid
385 1790 458 1829 ego
489 1779 581 1816 hinc
606 1790 707 1829 quae
734 1777 796 1816 illi
824 1779 962 1816 habito
988 1777 1094 1828 [huc]
1121 1779 1280 1816 exeam:
1311 1777 1454 1816 faciam

789 1856 861 1881 uos
879 1845 1089 1882 certidres.
1385 1847 1453 1883 675

245 1910 370 1948 Domo
396 1907 546 1947 dudum
570 1909 648 1947 huc
673 1911 865 1947 arcessita
881 1921 978 1947 sum.
1012 1908 1131 1959 [nam]
1152 1908 1338 1959 queniam
1353 1921 1456 1946 nun-

790 1975 972 2012 tiatumst

246 2041 414 2079 [starum
431 2042 627 2078 uenturds
643 2040 767 2090 uiros,
787 2039 843 2077 ibi
859 2039 1097 2077 festinamus
1115 2039 1272 2076 dmnes:

245 2104 381 2143 Lectis
401 2104 635 2143 sternundis
652 2103 876 2143 studuimus
892 2101 1181 2154 munditiisque
1198 2100 1451 2154 adparandis.

246 2169 357 2208 Inter
373 2169 468 2209 illut
484 2175 565 2209 tam
581 2171 787 2222 negdtium
803 2171 902 2208 meis
919 2170 1056 2208 curaui
1074 2169 1209 2206 amicis

245 2233 384 2273 Sticho
405 2237 444 2274 et
463 2248 661 2274 conseruo
679 2235 872 2287 Sagarino
889 2248 979 2273 meo
998 2235 1095 2273 ce'na
1114 2238 1227 2272 cocta
1242 2237 1286 2271 ut
1304 2234 1423 2271 esset.
