1511 2502
49 110 284 146 V437-53
485 96 877 138 STICHVS.
1235 95 1318 136 269

48 213 127 253 ST.
150 202 230 253 x'sbi
246 211 333 252 illic
349 211 514 261 biberit,
531 208 597 248 uel
612 213 776 247 seruato
794 206 928 246 meum
943 206 1105 246 modum
1120 206 1188 246 uel
1205 206 1314 259 [ego]

656 271 772 312 dabo.

46 342 150 382 Nulo
174 355 249 394 ego
273 355 346 381 nos
373 340 478 393 [hoc]
505 340 692 392 prdssum
718 339 934 377 exhibere:
964 338 1068 378 milli
1085 340 1147 378 rei
1164 339 1316 378 erimus

655 405 809 456 pdstea.

45 473 227 524 Namque
245 470 395 524 edepol
413 484 529 523 quam
545 472 606 508 uis
620 469 807 508 desubito
820 468 886 507 uel
900 468 1022 507 cadus
1039 472 1148 508 uorti
1164 474 1314 521 potest.

47 538 124 577 SA.
158 537 264 588 Quid
286 536 440 588 igitur‘.²
471 538 709 587 quamquam
726 539 914 585 grauatus
930 532 1057 583 fuisti,
1080 546 1160 571 non
1177 540 1316 571 nocuit

653 605 801 638 tamen.
1250 604 1318 638 720

47 657 134 719 Age
151 668 319 718 tibicen,
338 666 496 719 quaudo
513 666 668 716 bibisti,
684 666 797 704 refer
817 664 868 703 ad
882 664 1020 703 labeas
1038 666 1176 703 tibias:

48 733 177 772 suffla
198 732 392 771 celeriter
408 733 482 771 tibi
498 733 644 770 buccas
663 731 775 782 quasi
791 742 1042 782 proserpens
1058 730 1200 768 be'stia.

47 787 134 849 Age
152 797 258 847 dum,
277 797 437 835 Stiche:
467 801 559 834 uter
575 795 827 845 de'mutassit,
843 794 991 846 pdculo
1009 793 1257 832 multabitur.

47 863 127 902 ST.
168 862 324 902 anum
353 863 414 901 ius
446 861 568 900 dicis:
611 863 820 912 inpetrare
851 862 1016 912 opdrtet
1046 860 1112 909 qui
1145 870 1315 909 aequom

651 925 841 977 pdstulat.

8 1027 11 1029 ,
48 993 124 1033 SA.
143 981 229 1045 Age
247 1005 344 1044 ergo
357 1005 548 1046 opserua:
573 993 606 1030 si
621 992 838 1043 peccassiS‚
855 989 1023 1029 multam
1040 990 1106 1028 hic
1124 991 1314 1027 retinebo

655 1056 761 1095 ilico.
1249 1061 1314 1094 725

48 1124 128 1164 ST.
164 1114 379 1176 Optumum
410 1129 530 1175 atque
562 1125 861 1175 aequissumum
892 1134 995 1160 oras.
1043 1120 1122 1160 SA.
1152 1111 1213 1159 En
1240 1122 1315 1159 tibi

653 1190 729 1227 hoc
747 1189 922 1240 p1imum
937 1187 1124 1225 dmnium.

48 1254 127 1294 ST.
156 1254 268 1293 Haec
283 1254 483 1305 facetiAst,
501 1267 634 1293 amare
650 1254 760 1292 inte'r
777 1265 820 1292 se
838 1251 980 1291 riualis
998 1251 1111 1301 duos,

47 1309 136 1358 Vno
154 1319 346 1358 canthard
361 1325 505 1372 potare
522 1320 593 1370 [et]
613 1321 736 1359 tinum
751 1324 929 1358 scortum
948 1318 1114 1357 ducere.

46 1385 135 1424 Ηόο
164 1384 488 1424 memorabilest:
528 1398 603 1436 ego
633 1390 677 1424 tu
708 1398 814 1435 sum,
851 1387 897 1423 tu
930 1397 972 1422 es
1004 1396 1100 1435 ego:
1138 1383 1319 1421 unanimi

653 1463 801 1490 sumus.

48 1506 176 1554 Vnam
208 1517 373 1554 amicam
403 1519 578 1554 amamus
610 1517 746 1555 ambo:
786 1516 945 1554 me'cum
974 1515 1104 1564 ubist,
1143 1514 1320 1552 tec1'1mst

653 1588 809 1619 tamen:
1252 1584 1319 1618 730

49 1645 202 1684 Tecum
218 1647 285 1685 ubi
304 1650 489 1697 autemst,
507 1646 663 1684 mecum
683 1645 758 1696 [ea]
780 1644 986 1684 itidemst:
1018 1644 1155 1683 neutri
1172 1646 1320 1681 neuter

654 1710 823 1750 inuidet.

50 1777 127 1815 SA.
161 1776 264 1826 ohe,

48 1841 128 1880 Iam
165 1842 262 1879 satis
297 1845 386 1879 est:
428 1838 523 1878 nolo
555 1828 845 1891 dptaedescat:
889 1839 1009 1878 alium
1043 1837 1182 1877 ludum
1211 1839 1320 1876 nunc

656 1904 763 1944 uolo.

51 1972 131 2011 ST.
162 1972 263 2011 Bibe
290 1972 324 2010 si
345 1971 463 2011 bibis.
510 1970 587 2011 SA.
615 1970 707 2010 Non
722 1972 833 2010 mdra
851 1972 931 2010 erit
947 1974 1043 2023 aput
1058 1982 1135 2009 me.
1168 1967 1319 2021 edepol

658 2038 821 2075 conuiui
837 2042 898 2075 sat
914 2041 997 2076 est:

51 2101 177 2140 Μόᾶο
201 2105 341 2141 nostra
364 2102 442 2140 huc
469 2103 593 2140 amica
617 2101 803 2140 accedat:
835 2101 898 2154 [si]
918 2101 959 2140 id
979 2100 1114 2152 adest,
1145 2100 1245 2139 aliut
1261 2098 1322 2137 m'l

656 2168 783 2208 abest.
1254 2169 1319 2205 735

53 2230 133 2271 ST.
151 2231 229 2271 vin
246 2232 410 2271 amicam
426 2232 505 2271 huc
519 2232 764 2272 e'uocemus?
789 2233 833 2271 ea
845 2231 1020 2272 saltabit.
1054 2231 1132 2271 SA.
1145 2231 1307 2270 censeo
