1511 2502
197 128 282 170 270

418 851 576 894 METRA
608 849 745 894 11va
775 848 979 892 FABVLAE
1008 848 1124 893 HAEC
1153 849 1265 894 SVN'I'

205 963 246 994 V.
286 962 305 995 1
332 962 375 994 ad
401 961 468 996 184
492 963 623 995 iambici
649 962 770 995 senarii

227 1034 240 1040 -
290 1014 355 1049 185
381 1017 423 1049 ad
450 1016 516 1050 189
541 1018 699 1049 trochaici
724 1016 884 1049 octonarii

227 1090 240 1096 -
291 1069 358 1104 190
381 1072 424 1103 ad
452 1071 518 1105 193
542 1072 711 1104 bacchiaci
736 1071 915 1103 tetrametri
941 1070 1111 1103 acatalecti

226 1147 239 1153 ·
289 1127 356 1161 194
380 1129 422 1160 ad
449 1128 516 1163 196
541 1129 707 1161 bacchiaci
734 1128 913 1160 tetrametri
936 1128 1118 1159 catalectici

226 1203 238 1208 -
288 1181 354 1216 197
380 1184 578 1216 bacchiacus
605 1185 754 1215 trimeter
768 1182 968 1214 acatalectus

226 1258 239 1264 -
289 1238 357 1273 198
382 1246 412 1272 et
439 1238 505 1273 199
529 1240 662 1272 iambici
688 1239 847 1271 octonarii

225 1314 238 1320 ·
287 1294 355 1328 200
381 1295 424 1326 ad
447 1293 514 1328 203
538 1294 650 1327 cretici
674 1294 807 1326 dimetri
827 1293 999 1325 acatalecti
1019 1302 1094 1324 cum
1107 1292 1285 1326 trochaicis
1299 1303 1470 1326 monumen

804 1350 866 1381 tris
889 1348 1162 1391 hypercatalectis

222 1424 236 1431 -
284 1404 353 1439 204
377 1412 408 1438 et
432 1405 499 1440 205
523 1406 693 1438 bacchiaci
716 1405 898 1438 tetrametri
927 1405 1097 1436 acatalecti

221 1481 235 1486 -
282 1461 350 1495 206
374 1462 535 1493 iambicus
561 1462 751 1494 octonarius
996 1501 1000 1502 ⁷

222 1537 235 1541 -
284 1513 354 1549 207
379 1523 409 1548 et
431 1515 500 1549 208
527 1517 637 1548 cretici
662 1516 841 1547 tetrametri
867 1515 1037 1546 acatalecti

221 1593 234 1598 -
283 1571 351 1606 209
374 1573 513 1605 creticus
536 1578 726 1604 tetrameter
751 1571 961 1603 catalecticus
987 1571 1020 1601 in
1044 1570 1206 1612 syllabam

218 1650 230 1654 -
279 1629 348 1662 210
373 1636 404 1661 et
429 1628 495 1662 211
519 1629 629 1660 cretici
654 1628 834 1659 tetrametri
856 1625 1027 1657 acatalecti

221 1704 234 1709 -
283 1684 351 1717 212
376 1685 513 1715 creticus
536 1688 724 1715 tetrameter
748 1682 958 1714 catalecticus
982 1682 1016 1712 in
1040 1680 1202 1722 syllabam

216 1758 230 1764 -
279 1738 347 1772 213
371 1740 415 1770 ad
437 1738 504 1771 215
535 1738 646 1770 cretici
669 1738 851 1770 tetrametri
874 1736 1045 1768 acatalecti

219 1813 231 1818 -
282 1794 349 1827 216
371 1800 401 1825 et
426 1791 493 1826 217
518 1792 677 1825 trochaici
702 1792 861 1825 octonarii

217 1869 230 1874 -
278 1847 346 1881 218
372 1854 403 1880 et
429 1847 496 1881 219
520 1848 653 1880 iambici
677 1847 857 1890 septenarii

215 1923 229 1930 -
276 1903 346 1936 220
369 1904 412 1935 ad
435 1902 505 1936 228
528 1904 686 1936 trochaici
712 1902 871 1936 octonarii

214 1978 228 1986 ·
275 1958 343 1993 229
369 1959 553 1991 trochaicus
577 1965 785 2002 septenarius

219 2036 231 2041 -
281 2015 349 2049 230
374 2022 405 2047 et
430 2014 495 2048 231
521 2015 689 2048 bacchiaci
713 2014 846 2048 dimetri
871 2013 1053 2046 catalectici
1077 2011 1168 2056 (sive
1190 2009 1456 2045 dochmiacimo-

798 2067 955 2110 nometri)

212 2144 228 2151 ·
273 2124 342 2158 232
365 2125 409 2157 ad.
433 2125 501 2159 252
526 2125 638 2156 cretici
662 2125 845 2156 tetrametri
870 2122 1042 2155 acatalecti

211 2197 227 2204 ·
276 2178 344 2213 253
369 2179 555 2211 trochaicus
580 2179 787 2222 septenarius

273 2233 342 2268 254
368 2239 400 2266 et
420 2233 487 2268 255
510 2235 644 2267 iambici
669 2235 828 2267 octonarii
