1511 2502
121 202 383 237 m317—43
547 192 970 233 TRINVMMVS.
1316 194 1396 235 307

122 304 432 357 Perldngumst:
462 307 557 345 huic
577 305 753 344 duce'ndi
769 306 930 343 interea
946 306 1193 356 apscesserit
1329 313 1395 348 745

121 371 301 410 Lubido:
333 372 444 423 atqui
461 384 509 410 ea
525 370 705 409 conditio
722 371 816 408 huic
832 368 901 408 uel
917 371 1163 422 primariast.

123 437 205 476 CA.
236 435 392 476 Eadem
409 437 541 474 omnia
558 437 686 474 istaec
702 436 874 473 ueniunt
891 436 931 472 in
948 437 1128 474 mentem
1147 438 1258 477 mihi.

121 502 215 541 ME.
248 501 354 542 Vide
371 502 405 540 si
424 502 502 540 hoc
516 501 665 540 utibile
681 502 806 552 magis
824 505 945 552 atque
961 502 1003 539 in
1019 514 1107 540 rem
1124 502 1316 555 deputas:

119 568 254 620 Ipsum
270 567 335 606 adi
355 567 708 618 [adulescentem],
728 567 856 606 edoce
874 579 964 606 eum
981 569 1042 606 uti
1057 569 1124 606 res
1142 581 1185 607 se
1202 571 1340 609 habet.

121 633 203 672 CA.
235 632 292 672 Vt
309 634 382 683 ego
398 645 505 670 nunc
521 631 775 671 adulescenti
792 633 1057 671 thensaurum
1073 632 1250 673 indicem
1323 642 1391 676 750

120 696 332 748 indomito,
348 695 473 749 pleno
491 699 640 736 amoris
658 711 702 736 ac
716 696 909 736 lasciuiae
920 698 941 735 ’.ἲ

118 763 316 813 Minume,
332 764 509 801 minume
526 762 670 801 hercle
690 764 788 801 ue'ro
803 777 812 800 :
843 776 934 801 nam
954 765 1067 801 certo
1085 765 1183 815 scio,

117 827 270 866 Locum
288 841 449 879 quoque
467 827 586 866 illum
602 841 761 866 omnem
778 828 847 865 ubi
864 828 1025 866 situmst
1042 828 1280 870 comederit.

119 893 248 941 Quem
265 891 410 931 fodere
427 897 578 943 metuo,
596 894 771 932 sonitum
788 905 841 930 ne
856 891 929 932 ille
947 893 1155 933 exaudiat:

117 958 178 996 Ne
195 970 282 996 rem
303 960 430 1010 ipsam
445 958 626 1010 indaget,
644 959 781 997 dotem
798 958 895 997 dare
912 961 947 998 si
965 959 1148 1000 dixerim.
1319 968 1385 1003 755

116 1024 211 1063 ME.
245 1025 332 1073 Quo
349 1027 467 1075 pacto
485 1037 582 1075 ergo
600 1026 724 1075 igitur
741 1022 845 1062 clam
862 1024 935 1062 dos
953 1024 1139 1077 depromi
1153 1028 1322 1078 potest?

117 1088 199 1127 CA.
230 1089 334 1127 Dum
352 1090 509 1127 occasio
528 1090 565 1127 ei
585 1089 678 1139 [rei]
698 1090 943 1140 reperiatur,
960 1091 1126 1128 interim

115 1153 178 1191 Ab
190 1154 320 1192 amico
339 1151 527 1192 alicunde
544 1155 725 1192 mutuom
742 1155 956 1204 argentum
970 1167 1122 1206 rogem.

114 1218 208 1258 ME.
240 1218 362 1257 Potin
379 1219 441 1257 est
463 1220 510 1257 ab
529 1220 654 1257 amico
674 1218 860 1257 alicunde
878 1220 1068 1257 exorari?
1112 1221 1193 1260 CA.
1226 1222 1382 1264 Potest.

114 1283 209 1325 ME.
243 1284 419 1322 Gerrae:
450 1296 502 1322 ne
519 1288 564 1322 tu
579 1283 673 1322 illut
687 1285 858 1322 ue'rbum
876 1288 1053 1323 actutum
1068 1286 1300 1326 inueneris:
1318 1294 1385 1329 760

115 1349 283 1400 ‘[Hem,]
304 1350 403 1387 mihi
420 1348 584 1400 quidem
600 1348 741 1387 hercle
758 1352 840 1387 ndn
856 1354 919 1387 est
937 1349 1047 1400 quod
1063 1349 1156 1390 dem
1171 1354 1382 1393 mutuom?

115 1414 199 1454 CA.
231 1412 392 1453 Mallim
414 1412 559 1453 hercle
584 1420 630 1452 ut
651 1426 795 1452 uerum
821 1413 957 1453 dicant
983 1428 1101 1466 quam
1118 1421 1164 1454 ut
1180 1416 1280 1456 dent
1297 1420 1384 1457 mu—

720 1484 844 1518 tuom.

113 1543 208 1583 ME.
241 1543 315 1582 Set
336 1543 432 1582 uide
455 1542 668 1582 consilium
684 1547 719 1582 si
734 1543 882 1595 placet.
930 1545 1012 1584 CA.
1047 1545 1154 1595 Quid
1171 1547 1384 1587 consilist?

113 1608 208 1648 ME.
241 1608 408 1659 Scitum,
425 1609 470 1647 ut
486 1621 561 1660 ego
580 1610 738 1661 opinor,
758 1609 969 1648 co'nsilium
989 1612 1139 1650 inueni.
1173 1613 1255 1652 CA.
1278 1614 1385 1663 Quid

722 1677 813 1714 est?

112 1739 205 1778 ME.
238 1740 370 1779 Homo
390 1739 639 1779 conducatur
658 1743 736 1780 iam
752 1741 896 1794 aliquis
915 1744 1107 1794 quantum
1123 1746 1232 1796 potis
1318 1751 1382 1786 765

111 1805 252 1855 Igndta
267 1805 386 1855 facie,
404 1807 506 1856 quae
520 1819 601 1844 non
617 1808 781 1845 uisitata
798 1809 870 1846 sit:

112 1870 149 1907 Is
166 1871 285 1908 homo
306 1871 528 1909 exornetur
543 1873 736 1924 graphice
752 1874 794 1911 in
809 1876 1077 1925 peregrinum
1093 1874 1269 1923 modum,

116 1934 237 1982 Quasi
253 1936 306 1972 sit
319 1937 576 1986 peregrinus.
624 1938 706 1977 CA.
741 1938 846 1988 Quid
862 1940 897 1977 is
914 1940 991 1978 scit
1005 1939 1145 1978 facere
1161 1942 1306 1991 postea
1317 1942 1337 1977 ’.ἓ

113 1998 206 2038 ME.
237 1998 566 2040 Mendacilocum
590 2002 766 2055 aliquem
793 2004 900 2055 [esse
924 2006 1130 2043 hominem
1147 2009 1313 2058 oportet
1331 2006 1383 2045 de

717 2070 840 2122 form]
876 2059 882 2063 ’

111 2128 374 2181 Falsidicum,
396 2131 680 2175 confidentem.
727 2136 809 2176 CA.
844 2136 951 2186 Quid
966 2142 1051 2176 tum
1065 2139 1238 2189 postea?
1315 2144 1382 2179 770

112 2196 206 2235 ΜΕ.
240 2196 363 2245 Quasi
379 2195 430 2234 ad
446 2196 752 2239 adulescentem
769 2205 790 2239 a
804 2206 923 2253 patre
941 2214 990 2241 ex
1007 2202 1195 2242 Seleucia

111 2262 276 2312 Venizst,
298 2260 470 2301 salutem
486 2264 525 2302 ei
540 2266 704 2305 m‘mtiet
718 2269 857 2306 uerbis
872 2269 1023 2320 patris:

110 2326 226 2366 Illum
242 2329 348 2365 bene
366 2340 512 2378 gerere
526 2341 614 2367 rem
631 2331 672 2369 et
690 2332 829 2370 ualere
847 2337 889 2371 et
904 2333 1047 2370 uiuere

1023 2403 1072 2435 20
1084 2395 1102 2419 *
