1511 2502
1289 134 1367 177 331

324 617 482 660 nmini
514 616 655 660 ffi'lvs
682 615 887 660 FABVLAE
918 615 1034 659 HAEC
1063 614 1177 659 svm*

118 716 156 747 V·
197 720 213 753 l
240 720 283 751 ad
307 719 374 752 222
399 720 531 751 iambici
560 721 680 752 senarii

141 795 153 798 -
201 773 269 807 223
294 776 335 806 ad
363 774 427 807 231
455 775 623 807 hacchiaci
650 775 828 806 tetrametri
855 775 1026 806 acatalecti

137 851 148 855 -
198 831 267 864 232
293 832 490 864 bacchiacus
521 834 661 865 dimeter
675 831 875 864 acatalectus

138 908 150 911 -
199 886 267 920 233
293 895 324 919 et
351 886 419 921 234
443 889 575 920 iambici
601 889 778 930 septenarii

147 963 152 966 -
198 942 264 976 235
290 945 428 975 creticus
453 950 643 977 tetrameter
667 944 876 976 catalecticus

143 1017 153 1021 -
202 999 268 1032 236
293 1001 455 1032 iambicus
482 1004 689 1042 septenarius

138 1074 150 1077 -
198 1053 265 1087 237
291 1062 321 1086 et
345 1054 413 1088 23&
436 1056 592 1087 trochaici
619 1055 797 1094 septenarii

138 1128 147 1131 -
196 1108 264 1143 239
289 1117 320 1142 et
344 1109 413 1144 240
437 1111 603 1143 bacchiaci
630 1115 810 1143 tetrametri
836 1109 1009 1142 acatalemi

141 1186 150 1190 -
197 1166 259 1199 241
290 1167 488 1198 bacchiacus
516 1170 656 1199 dimeter
681 1165 881 1199 acatalectus

141 1240 151 1244 -
199 1220 267 1254 242
291 1221 478 1254 trochaicus
503 1223 712 1265 septenarius

137 1296 149 1299 -
197 1275 265 1310 243
288 1278 428 1308 creticus
454 1283 644 1309 tetrameter
668 1277 869 1309 acatalectus

138 1349 153 1353 -
199 1331 268 1364 244
291 1333 332 1363 ad
358 1331 426 1365 246
452 1333 562 1364 cretici
585 1333 767 1364 tetrametri
794 1332 974 1363 catalectici

137 1404 151 1408 -
198 1385 265 1420 247
289 1388 330 1419 ad
355 1387 422 1421 249
448 1388 606 1420 trochaici
634 1388 765 1420 dimetri
790 1388 973 1419 catalectici

196 1442 264 1475 250
287 1450 317 1474 et
342 1443 409 1476 251
435 1444 544 1475 cretici
571 1444 753 1475 tetrametri
780 1443 962 1475 catalectici

137 1517 150 1521 -
197 1498 264 1532 252
288 1505 337 1531 tro
403 1500 472 1531 icus
498 1503 687 1532 octonarius

136 1571 149 1576 -
196 1552 264 1587 253
288 1499 478 1594 troxicus
503 1556 711 1596 septenarius

133 1627 149 1632 -
196 1609 263 1642 255
290 1611 452 1642 iambicus
478 1612 666 1642 octonarius

136 1682 150 1686 -
195 1663 264 1698 256
288 1672 317 1696 et
343 1663 410 1698 257
434 1666 603 1698 bacchiaci
627 1665 808 1697 tetrametri
839 1664 1009 1696 acatalecti

136 1738 151 1743 -
197 1719 265 1753 258
289 1721 485 1753 bacchiacus
508 1722 655 1753 trimeter
678 1721 876 1753 acatalectus

142 1793 149 1797 -
198 1774 265 1808 259
289 1777 450 1808 iambicus
477 1777 666 1808 octonarius

137 1850 150 1853 -
197 1830 266 1865 260
288 1833 448 1863 iambicus
474 1833 613 1864 dimeter
638 1831 842 1864 acatalectus

138 1907 151 1911 -
198 1887 263 1921 261
291 1894 321 1919 et
343 1887 411 1921 262
436 1889 601 1920 bacchiaci
628 1889 809 1920 tetrametri
837 1887 1009 1919 acatalecti

136 1961 144 1965 -
197 1943 264 1977 264
289 1950 319 1975 et
343 1943 410 1977 265
435 1945 593 1976 trochaici
618 1945 778 1977 octonarii

134 2018 140 2021 -
194 1999 261 2032 266
285 2000 483 2032 bacchiacus
507 2007 694 2034 tetrameter
718 2001 919 2033 acatalectus

137 2078 150 2082 -
197 2056 264 2091 267
290 2059 332 2089 ad
355 2056 422 2091 275
448 2060 558 2090 cretici
580 2062 761 2091 tetrametri
787 2058 965 2091 catalectici

134 2131 152 2136 -
196 2111 263 2146 276
289 2114 426 2144 creticus
452 2119 639 2146 tetrameter
663 2115 862 2147 acatalectm³

197 2165 263 2200 277
290 2174 319 2198 ct
344 2165 411 2200 278
435 2168 604 2200 bacchiaci
628 2171 810 2202 tetrametri
835 2172 1005 2201 acatalecti

136 2242 151 2247 -
194 2223 262 2257 279
290 2225 332 2256 ad
354 2223 416 2256 281
446 2225 555 2255 cretici
583 2226 764 2257 tetrametri
790 2225 964 2257 acatalecti

139 2301 147 2305 -
195 2280 263 2314 282
286 2280 447 2312 iambicus
474 2281 662 2312 octonarius
