1511 2502
163 151 246 191 152
642 153 951 194 PLAVTI
1182 164 1436 201 111137--60
1499 167 1509 182 ²

164 263 247 304 PA.
279 264 323 302 Si
340 263 595 317 albicapillus
612 266 679 304 hic
694 266 874 320 uidetur,
896 281 949 307 ne
969 270 1149 321 utiquam
1164 272 1212 310 ab
1228 271 1435 322 ingenidst

766 345 909 372 senex:

165 385 280 435 inest
291 396 335 434 in
349 396 428 434 hoc
445 397 679 435 am1¹1ssitata
695 399 768 436 sua
784 399 862 437 sibi
878 400 1053 451 ingenua
1068 400 1239 440 indoles.

166 461 245 500 PL.
276 460 352 499 Ρό1
373 460 415 499 id
440 461 631 513 experior
649 461 838 512 equidem
854 465 911 502 ita
934 477 1024 503 esse
1041 470 1086 503 ut
1100 464 1328 517 prae'dIcas,
1357 467 1436 504 Pa-

763 526 955 567 laestrio:

164 593 265 632 Nam
279 593 509 643 benignitas
527 591 691 644 quidem
706 593 824 631 huius
842 594 990 646 oppido
1014 593 1362 634 adulesce'nmlist.

164 658 247 698 PE.
279 648 418 709 I'mmo,
442 659 607 710 hospes,
631 659 757 710 magis
780 662 899 710 qudm
921 659 1123 712 periclum
1137 661 1279 712 ficies,
1306 663 1437 712 magis

767 726 912 763 noscc's
930 737 1058 763 meam
1363 731 1432 765 635

166 788 410 826 Cdmitatem
446 790 544 838 erga
579 792 621 826 te
653 792 863 828 amantem.
930 789 1010 828 PL.
1050 788 1157 839 Quid
1188 794 1308 840 opust
1335 794 1436 828 nota

764 855 936 892 noscere
947 853 967 890 ‘3

164 917 245 957 PE.
276 916 373 956 Plus
391 916 493 955 dabo
513 930 630 967 quam
645 916 889 968 praedicabo
907 930 956 956 ex
970 919 1034 956 me
1050 920 1275 956 uenustatis
1291 919 1379 958 tibi.

167 991 186 1013 ηε
324 989 346 1012 *
485 990 504 1011 *
645 990 665 1011 ια
804 991 824 1013 *
963 992 983 1013 *
1120 990 1140 1013 *
1279 990 1300 1011 ια

165 1036 221 1085 ἵῖῐ
238 1050 335 1098 aput
348 1050 390 1085 te
407 1046 635 1098 exemplum
651 1047 892 1098 experiundi
907 1049 1056 1087 habeas
1072 1059 1152 1086 neu
1174 1048 1295 1097 roge's
1312 1047 1429 1087 foris.

162 1110 265 1149 Naim
305 1112 383 1149 nisi
422 1112 490 1162 qui
528 1112 616 1163 ipse
656 1113 825 1163 amauit,
869 1125 991 1164 aegre
1025 1111 1193 1150 amantis
1223 1111 1430 1162 ingenium

760 1178 822 1215 ins
853 1178 938 1217 icit.
1361 1181 1433 1215 640

163 1240 238 1278 Set
262 1252 337 1291 ego
364 1241 510 1279 amoris
536 1240 785 1292 aliquantum
810 1190 941 1280 lfabeo
964 1241 1227 1291 humorisque
1245 1241 1368 1279 etiam
1385 1241 1431 1278 in

766 1308 940 1359 corpore

161 1369 402 1422 Nequedum
419 1372 557 1409 exarui
573 1370 621 1409 ex
637 1371 815 1409 amoenis
834 1372 956 1409 rebus
975 1374 1017 1409 et
1038 1367 1291 1422 uoluptariis.

160 1436 241 1476 Ve'l
257 1435 469 1475 caujllatcsr
484 1437 641 1475 facetus
658 1436 726 1476 ue'l
742 1436 912 1474 conuiua
928 1434 1158 1474 commodus

159 1491 306 1541 itidem
336 1515 429 1541 ero:
472 1515 607 1553 neque
644 1514 719 1553 ego
751 1499 965 1540 oblocutor
995 1513 1081 1538 sum
1110 1499 1232 1538 alteri
1259 1501 1302 1538 in
1331 1512 1430 1539 con-

759 1567 881 1605 uiuio.

159 1620 494 1671 incommoditate
511 1633 717 1684 apstinere
734 1645 797 1670 me
814 1630 910 1683 aput
925 1631 1115 1670 conuiuas
1133 1630 1341 1669 co'mmodo
1358 1636 1428 1671 645

161 1697 435 1736 Conmemini:
467 1703 509 1737 et
524 1710 638 1737 meae
656 1698 853 1736 orationis
869 1697 1015 1735 iiistam
1030 1700 1189 1747 partem
1204 1697 1399 1747 persequi

159 1751 214 1800 Et
229 1774 359 1801 meam
374 1768 533 1814 partem
548 1762 692 1801 itide'm
706 1766 860 1811 tacere,
883 1774 1002 1812 quom
1018 1761 1189 1799 AIIenast
1204 1761 1347 1801 oratio.

158 1826 343 1866 M1'nume
369 1830 552 1879 sputatdr
564 1856 575 1878 ,
606 1831 789 1866 screator
815 1840 922 1876 sum,
954 1826 1097 1865 itidem
1121 1828 1297 1866 minume
1312 1827 1427 1865 mlic-

764 1890 897 1928 cidus:

158 1956 303 2007 Neque
327 1955 502 1996 alienum
527 1969 601 2008 ego
632 1958 818 2007 umquam
848 1960 1025 1994 scortum
1050 1956 1224 2007 subigito
1254 1957 1297 1994 in
1327 1970 1425 1995 con-

760 2021 887 2059 uiuio:

156 2086 301 2138 Neque
338 2088 545 2140 praeripio
584 2086 891 2140 pulpamentum
929 2088 1063 2138 neque
1091 2091 1310 2139 praeuorto
1348 2087 1426 2138 pd-

761 2150 918 2190 culum:
1353 2157 1421 2190 650

155 2216 299 2268 Ne'que
323 2229 398 2269 per
423 2217 560 2255 uinum
582 2229 768 2269 umquam
793 2217 842 2255 ex
857 2229 921 2255 me
938 2216 1120 2255 exoritur
1144 2213 1358 2254 discidium
1376 2215 1421 2253 in

753 2283 952 2321 conuiuio.
