1511 2502
107 116 205 149 1¹111
231 113 368 149 36—55
547 103 573 141 S
603 102 632 141 T
660 101 677 141 1
707 101 737 141 C
768 102 800 141 H
827 102 861 140 V
889 102 936 142 S.
1295 105 1377 146 259

104 218 188 257 AN.
205 208 305 257 Erat
320 216 467 256 minori
481 214 543 254 illi
558 213 810 253 adulescenti
825 213 954 265 [quasi
964 227 1071 254 nunc
1083 216 1173 268 tibi]
1187 217 1374 256 tibicina:

105 284 287 336 Peregre
312 282 553 332 aduexerAt,
584 281 697 332 quasi
720 293 827 318 nunc
846 284 901 320 tu.
932 281 996 319 set
1014 280 1086 319 ille
1104 287 1192 321 erat
1209 281 1375 335 caeleps

714 358 853 397 senex,

105 417 226 466 Quasi
250 428 325 467 ego
351 428 457 454 nunc
481 426 579 453 sum.
632 412 716 452 PA.
746 412 880 462 Perge
905 426 1050 464 porro:
1087 414 1283 465 praesens
1309 414 1374 452 hic

708 477 913 529 quidemst
929 477 1137 530 Apologus.

104 546 190 585 AN.
221 544 379 584 Deinde
396 556 519 584 senex
537 542 609 582 illc
626 542 685 582 ssli
702 543 817 594 dixit,
835 542 978 595 qubius
995 549 1083 583 erat
1099 546 1280 595 tibicina,
1307 550 1373 584 545

103 612 225 662 Quasi
241 624 316 663 ego
333 625 439 651 nunc
455 611 529 649 tibi
548 609 637 648 dico
658 641 664 648 .
692 642 700 650 .
739 610 821 648 PA.
850 610 1045 650 Ausculto
1064 615 1184 662 atque
1200 612 1373 649 animum

709 675 879 714 aduorto
897 676 1053 717 se‘dulo.

102 744 184 781 AN.
219 733 320 793 <Ego
345 743 421 781 tibi
441 755 569 781 meam
586 740 715 781 filiam
732 743 838 780 bene
857 744 1015 792 quicum
1033 742 1237 780 cubitares
1255 741 1371 780 dedi:

100 808 215 847 Ni'mc
231 809 330 846 mihi
346 806 465 846 reddi
482 820 557 858 ego
575 809 745 860 aequom
762 820 853 845 esse
870 820 939 859 aps
956 812 997 846 te
1014 810 1174 858 quicum
1193 808 1371 845 cubitem

709 873 889 912 ce‘nse0.'

103 938 181 978 PA.
214 939 310 988 Quis
334 939 438 976 istuc
464 937 563 976 dicit
574 938 594 975 ’ἒ
623 940 673 976 an
696 935 768 975 ille
786 938 899 988 quasi
920 936 994 975 tu‘.l
1037 936 1121 975 AN.
1155 937 1278 986 Quasi
1295 950 1369 987 ego

705 1016 811 1041 nunc
829 1002 920 1041 dicd
937 1003 1025 1041 tibi.

100 1058 255 1108 “lmmo
288 1068 385 1107 duas
417 1068 554 1107 dab0’2
586 1070 717 1119 inquit
745 1067 815 1106 ille
841 1067 1081 1107 adulescens
1107 1071 1217 1106 “una
1244 1070 1279 1106 si
1300 1082 1370 1120 pa-

700 1138 848 1171 rumst:
1301 1140 1370 1172 550

97 1189 151 1236 Et
167 1199 202 1237 si
218 1197 384 1237 duarum
400 1199 662 1251 paenitebit''
679 1199 809 1248 inquit
826 1197 1063 1236 “addentur
1082 1197 1231 1236 duae.''

95 1264 178 1302 PA.
213 1264 309 1313 Quis
325 1265 443 1316 istuc,
462 1264 643 1316 quaeso?
674 1277 723 1302 an
740 1262 814 1302 ssle
833 1265 947 1315 quasi
963 1276 1038 1315 ego
1050 1264 1070 1301 ‘3
1111 1264 1196 1303 AN.
1227 1265 1264 1303 Is
1281 1266 1368 1315 ipse

702 1331 815 1380 quasi
833 1335 888 1368 tu.
923 1329 1039 1379 [tum]
1059 1340 1185 1367 senex

94 1384 172 1433 I'lle
189 1396 302 1446 quasi
319 1407 394 1446 ego
412 1397 462 1433 ‘sl'
477 1396 554 1434 uis'
572 1396 706 1446 inquit
723 1398 930 1446 <quattuor
949 1395 1044 1433 sane
1063 1394 1172 1445 dato,

95 1459 200 1499 Dum
215 1459 378 1511 quidem
394 1460 536 1499 hercle
548 1459 655 1510 qudd
672 1459 787 1498 edint
803 1459 940 1510 addas,
957 1459 1090 1498 meum
1108 1472 1159 1498 ne
1175 1463 1368 1498 contrun-

703 1526 798 1563 cent
814 1526 976 1564 cibum.'

93 1592 174 1630 PA.
195 1590 402 1630 Videlicet
413 1592 579 1642 parcum
589 1592 716 1630 fuisse
729 1590 847 1630 illum
861 1603 1014 1641 senem,
1033 1592 1100 1642 qui
1114 1591 1187 1642 [id]
1203 1591 1366 1642 dixerit,

93 1658 223 1707 Qudm
236 1655 310 1695 ille
326 1655 388 1695 illi
406 1658 474 1709 qui
489 1656 709 1710 pdllicetur
727 1656 818 1696 eum
836 1658 968 1695 cibum
983 1659 1231 1709 popdscerit.
1298 1663 1365 1696 556

94 1722 176 1761 ΑΝ.
208 1721 417 1761 Videlicet
443 1726 616 1772 nequam
639 1723 766 1761 fuisse
790 1721 908 1761 illum
933 1721 1261 1773 adulescentem,
1295 1724 1362 1774 qui

701 1788 811 1839 ilico,

92 1842 172 1890 Vbi
187 1849 261 1890 ille
278 1853 423 1903 poscit,
443 1852 657 1904 denegarit
678 1853 775 1893 dare
794 1866 838 1892 se
856 1866 1023 1905 granum
1039 1855 1178 1893 tritici.

91 1915 247 1955 Hercle
282 1918 349 1967 qui
372 1929 542 1968 aequom
564 1917 797 1971 pdstulabat
827 1918 974 1969 senex,
1005 1918 1164 1969 quando
1197 1919 1360 1970 quidem

697 1983 811 2024 filiae

93 2046 253 2099 [Quam]
284 2047 357 2087 ille
388 2048 560 2089 dederat
589 2051 725 2090 ddtem
757 2052 946 2104 accipere
982 2052 1090 2102 [eum
1114 2051 1258 2104 ualuit]
1285 2067 1359 2105 pro

695 2117 875 2155 tibicina.
1293 2124 1361 2158 560

45 2192 48 2194 ·
86 2177 170 2217 PA.
203 2178 355 2218 He'rcle
371 2179 442 2218 ille
460 2180 622 2232 quidem
640 2184 753 2222 certo
771 2182 1014 2222 adulescens
1032 2182 1151 2222 ddcte
1168 2183 1358 2222 uorsutn'ls

695 2251 784 2299 fuit,

1017 2321 1057 2355 17
1070 2315 1087 2334 *
